1976 3298
245 143 304 189 14
671 145 1090 180 PHILODEMI
1140 150 1354 182 LIBER
1408 151 1475 182 1v

237 250 505 298 μαγειςικην
534 234 778 296 οιησομεθω
798 271 811 293 ,
853 232 1005 279 etiam
1043 235 1408 298 coquinarium
1436 237 1588 283 talem
1615 236 1889 302 ducemus,¹

232 313 468 362 librarius
493 324 663 362 noster
687 310 1023 366 hallucinatus
1051 319 1128 366 bis
1155 321 1371 368 exaravit
1393 339 1404 379 ;
1437 321 1599 368 fraudi
1626 323 1762 371 enim
1788 324 1886 389 ipsi

231 395 394 445 fuerat
442 399 653 447 verbum
701 403 945 464 οιησομεθοι
984 402 1040 450 in
1081 421 1188 451 uno
1237 413 1386 469 atque
1431 407 1585 453 altero
1630 424 1777 455 versu
1821 409 1885 456 ab
1969 438 1972 446 ι

233 481 456 529 Auctore
480 482 759 545 repetitum.
807 485 978 553 Quare
1012 505 1130 534 mox
1160 506 1308 535 suum
1339 495 1552 552 σφαλμα
1577 490 1886 539 animadver-

233 577 344 612 tens
384 565 529 612 uncis
560 565 812 629 integrum
844 586 1045 618 versum
1086 572 1430 620 abradendum
1460 572 1666 622 inclusit
1700 595 1710 622 :
1746 575 1886 639 quod

231 647 415 697 iterum
452 653 545 698 col.
578 651 783 712 XXIX,
822 669 970 702 versu
1006 670 1037 712 4
1074 663 1123 703 et
1165 672 1219 702 21
1247 692 1258 714 ‚
1303 664 1453 719 atque
1493 659 1588 703 col.
1629 657 1883 719 XXXVI,

230 748 278 780 v.
298 746 357 795 19
377 751 537 798 usque
565 735 626 782 ad
657 736 740 794 23,
767 746 1022 800 peractum
1051 739 1113 785 ab
1141 739 1428 802 indiligenti
1448 740 1655 789 homine
1685 759 1884 803 cernes,

231 823 290 863 ut
318 817 528 866 minime
553 819 752 868 dubites
771 857 783 880 ,
816 838 935 869 eum
959 821 1054 869 ista
1075 844 1306 886 κομματοι
1329 841 1436 890 non
1466 842 1494 871 a
1511 824 1727 873 dictante
1743 863 1755 885 ,
1791 828 1881 875 sed

230 915 260 947 e
297 900 481 964 scripto
523 903 789 966 excepisse.
857 906 922 952 In
961 906 1115 969 priori
1150 906 1287 955 enim
1322 910 1437 956 loco
1486 911 1621 969 (col.
1660 909 1887 972 XXIX‘)
1968 961 1971 964 ,

227 981 463 1033 librarius
493 985 733 1035 festinans
768 987 823 1036 in
858 989 1023 1037 verbis
1062 1011 1129 1043 τοι
1170 1004 1352 1054 μαλλον
1392 1012 1452 1054 τῃ
1490 1004 1643 1065 λαλιορ
1674 1014 1884 1056 συνεγγι-

229 1062 380 1126 §om-05
427 1068 447 1130 (
481 1072 572 1116 etsi
610 1070 774 1141 magis
816 1071 908 1121 iste
954 1081 1130 1121 cautus
1170 1075 1384 1146 vulgari
1425 1076 1654 1123 sermoni
1695 1076 1885 1140 adpro-

220 1150 486 1216 pinquet)
519 1171 607 1218 pro
642 1164 848 1207 AAAIAI
881 1156 1175 1221 scriptitavit
1205 1169 1446 1222 ΛΛΛΙΑΙ,
1479 1160 1664 1209 omissa
1692 1160 1885 1210 scilicet
1963 1194 1967 1202 ·

225 1235 444 1298 lineola,
485 1256 615 1303 quae
648 1241 860 1288 alterum
890 1250 931 1294 Α
963 1242 1262 1292 reddidisset
1290 1253 1356 1295 A:

753 1430 1250 1494 -2-0.Mstsmomu
1264 1423 1328 1476 ιΛ
1346 1399 1475 1473 ῗΛι

618 1506 910 1558 mowers·
920 1501 1194 1556 »zos-150⁶

225 1664 385 1718 Vides
412 1673 665 1734 praeterea
695 1669 894 1734 (pergit
922 1670 1127 1718 doctiss.
1157 1667 1428 1730 Rosinius,
1471 1688 1579 1734 pag.
1613 1670 1764 1734 118),
1794 1670 1879 1719 ad-

225 1751 363 1816 picto
400 1753 629 1817 superius
674 1775 739 1824 τῳ
775 1764 817 1806 Λ
844 1754 1124 1802 restitutam
1159 1771 1266 1802 esse
1296 1754 1436 1802 vocis
1476 1755 1760 1803 lectionem.
1811 1755 1880 1803 At

223 1854 315 1884 cur
348 1855 457 1885 non
495 1839 664 1903 potius
702 1840 940 1887 omissam
972 1839 1214 1887 lineolam
1264 1839 1531 1903 adpingere
1569 1837 1590 1887 ?
1638 1842 1697 1887 Id
1735 1839 1876 1888 enim

222 1938 344 1970 vero
379 1932 676 1985 argumento
717 1922 867 1970 nobis
909 1931 983 1971 est
1024 1908 1398 1983 ineluctabili,
1426 1926 1746 1988 quamplures
1784 1925 1879 1971 hu-

216 2001 362 2070 jusce
388 2007 578 2054 codicis
612 2006 991 2055 emendationes
1033 2024 1140 2054 non
1175 2007 1237 2053 ab
1270 2007 1487 2072 ipsomet
1512 2008 1749 2068 librario,
1788 2008 1877 2056 sed

220 2090 287 2137 ab
317 2093 472 2139 altero
504 2091 665 2139 sciolo
698 2090 854 2140 fuisse
884 2091 1153 2155 profectaS,
1194 2091 1283 2156 qui
1315 2108 1411 2140 nec
1451 2091 1568 2139 satis
1594 2091 1878 2157 perspicax,

218 2191 318 2224 'nec
347 2175 573 2223 eruditus
613 2176 825 2238 adparet.
888 2175 937 2221 Is
969 2174 1122 2237 igitur
1157 2177 1240 2223 vel
1280 2175 1400 2239 quia
1441 2191 1583 2222 suam
1623 2172 1677 2220 in
1709 2188 1876 2221 emen-

221 2259 391 2307 dando
428 2259 742 2322 diligentiam
763 2260 929 2323 palam
958 2260 1119 2309 facere
1153 2260 1335 2318 vellet,
1374 2260 1457 2307 vel
1492 2257 1612 2323 quia
1640 2274 1754 2322 prae
1786 2257 1878 2312 im-

220 2343 399 2407 peritia
432 2362 539 2392 non
571 2343 687 2391 satis
720 2351 884 2392 certus
921 2345 982 2391 de
1010 2360 1100 2390 sua
1132 2342 1486 2391 emendatione
1514 2342 1643 2389 foret
1663 2377 1675 2400 ,
1707 2340 1877 2388 noluit

220 2437 521 2495 αυτογςοεφον
558 2427 775 2487 violare,
811 2429 899 2476 sed
933 2427 1101 2492 potius
1132 2443 1403 2490 suspensa,
1430 2434 1488 2474 ut
1515 2425 1683 2485 aiunt,
1719 2443 1875 2473 manu

222 2513 532 2560 elementum
568 2512 700 2559 illud
735 2510 1093 2575 superscripsit.
1158 2511 1324 2561 Versu
1373 2526 1427 2555 21
1475 2509 1554 2557 bis
1600 2527 1628 2556 a
1666 2508 1873 2556 librario

221 2595 468 2659 descripta
503 2604 622 2644 sunt
648 2597 798 2644 verba
828 2618 902 2647 nou
935 2593 1047 2648 ‘crocu
1075 2591 1119 2648 de
1147 2608 1305 2657 λογους
1333 2588 1567 2645 mmmmm
1599 2615 1668 2644 τοι
1699 2613 1875 2661 περιγι-

220 2701 387 2742 νομενσι
414 2680 535 2742 (sed
555 2678 735 2741 eciam,
767 2678 966 2744 quoties
995 2695 1254 2727 sermones
1280 2677 1530 2737 reddunt)
1548 2712 1562 2732 ,
1598 2693 1726 2742 quae
1754 2694 1875 2724 mox

220 2762 382 2815 veluti
415 2763 665 2831 superflua
697 2763 876 2831 partim
911 2764 1111 2831 punctis
1146 2761 1354 2814 confixit
1372 2800 1384 2823 ,
1426 2761 1608 2831 partim
1636 2759 1785 2812 uncis
1809 2761 1877 2810 de
