1976 3298
378 180 583 213 PROPE
635 178 954 211 PETILIAM
1009 177 1358 210 REPERTAE.
1621 163 1699 228 39,

51 262 288 332 elegantis
318 267 523 330 quidem
556 265 744 329 operiS,
781 265 850 310 sic
886 278 942 311 ut
977 273 1231 328 appareat,
1275 266 1402 311 hanc
1443 264 1621 313 urbem
1657 283 1686 315 e

48 352 232 402 vicinia
261 359 309 398 et
337 349 638 398 commercio
671 349 1220 395 barbarorum'nullam
1255 348 1553 395 contraxisse
1587 368 1689 397 sor-

50 439 195 494 dem3
232 435 386 481 immo
419 434 584 497 potius
618 432 775 496 ipsam
807 449 920 478 cum
951 431 1197 491 Crotone,
1230 432 1433 491 LocriS,
1467 432 1689 496 Rhegio,

46 520 260 583 *aliisque
283 518 493 565 urbibus
528 515 892 579 congeneribus
912 552 923 573 ,
956 515 1203 574 Bruttios,
1237 516 1339 563 sive
1364 517 1689 566 Lucanorum

49 603 306 667 fugitivos,
329 600 633 649 emollivisse
649 637 660 660 ,
676 616 862 663 cosque
883 599 943 645 ad
964 608 1087 646 artes
1112 607 1157 645 et
1175 598 1398 661 linguam
1415 601 1689 651 traduxisse

55 689 358 735 Graecorum
376 695 406 729 ¹.
431 684 616 732 Petelia
635 685 695 730 ad
719 681 993 729 Lacinium
1007 681 1428 745 promonlorium
1447 683 1538 730 sita
1556 687 1691 733 haud

50 771 119 819 ita
148 771 322 833 procul
356 769 523 816 aberat
563 768 783 815 Crotone
807 804 818 826 ,
857 767 979 814 urbe
1017 766 1398 830 opulentissima
1437 775 1510 825 et,
1551 771 1691 831 quod

52 853 206 915 magis
229 854 288 899 ad
310 870 415 900 rem
439 860 656 898 nostram
683 851 799 897 facit
817 887 829 909 ,
855 851 920 896 ol)
946 852 1186 912 templum
1204 848 1241 896 J
1247 850 1429 896 anonis
1447 849 1692 897 Laciniae

50 936 263 984 maxime
298 935 574 983 nobilitata.
635 934 734 981 Sex
762 933 922 979 millia
955 932 1160 997 (inquit
1185 932 1362 981 Livius
1393 933 1592 993 XXIV,
1624 935 1690 997 3)

51 1019 226 1065 aberat
251 1019 311 1065 ab
359 1019 483 1064 urhe
525 1019 544 1080 (
580 1017 839 1079 Crotone)
887 1017 1052 1063 nobile
1098 1017 1366 1080 templum,
1415 1017 1540 1063 urbe
1582 1017 1694 1081 ipScz

51 1102 272 1149 nobilius
298 1139 310 1162 ,
367 1100 610 1148 Laciniae
665 1100 892 1148 Junonis
919 1138 930 1159 ,
985 1109 1211 1147 sanctum
1267 1100 1503 1148 omnibus
1562 1102 1693 1150 circa

38 1186 263 1251 'populis
332 1185 474 1252 Quid
517 1203 664 1248 porro
714 1184 1059 1232 dubitabimus
1086 1222 1097 1240 ‚
1138 1184 1263 1248 quin
1307 1195 1498 1238 ΘΕΟΣ
1541 1184 1693 1252 hujus

53 1288 235 1318 aeneae
274 1271 537 1328 lamellae,
583 1269 636 1315 in
669 1286 784 1331 agro
824 1268 1051 1316 Petelino
1087 1285 1239 1332 prope
1276 1268 1551 1317 Crotonem
1583 1287 1695 1319 eru-

54 1356 284 1412 deratae,
322 1362 340 1385 2
399 1353 555 1415 ipsam
605 1351 866 1399 Junonenz
910 1351 1180 1398 Lacinium
1211 1390 1222 1412 ,
1279 1362 1535 1417 tamquam
1591 1357 1695 1408 θεον

53 1458 291 1504 επιχωςιον
319 1435 521 1499 (Deam
553 1436 763 1482 localem
782 1436 800 1498 )
821 1473 833 1496 ,
869 1435 972 1484 sive
1001 1436 1232 1498 patriam
1266 1434 1531 1499 designet?

120 1521 272 1568 Anno
289 1557 301 1580 ,
331 1520 370 1566 si
394 1520 550 1584 probe
576 1520 813 1580 memini,
841 1537 1046 1568 MDCCLV
1074 1529 1264 1584 reperta
1290 1521 1385 1567 suit
1409 1521 1463 1568 in
1486 1521 1694 1570 Bruttiis

113 1704 124 1726 1
167 1690 258 1726 Non
288 1690 419 1725 solum
450 1691 546 1725 urbs
572 1668 762 1735 semesa,
799 1689 868 1727 sed
897 1696 938 1726 et
964 1695 1049 1726 tota
1077 1703 1172 1740 gens
1199 1692 1378 1735 Bruttia,
1402 1704 1423 1727 a
1449 1692 1696 1730 Graecorum

51 1759 253 1796 institutis
289 1760 509 1808 linguaque
536 1758 774 1807 discrepuit.
828 1759 871 1796 Id
900 1760 1111 1797 enimvero
1142 1760 1289 1809 colligo
1325 1772 1377 1797 ex
1401 1760 1505 1797 Livio
1534 1763 1694 1809 XXIV,

57 1830 78 1866 5
98 1857 108 1875 ,
140 1829 212 1866 ubi
246 1834 459 1873 narratur,
494 1829 752 1865 Crotoniatas
781 1829 922 1865 Graeci
953 1830 1033 1864 oris
1062 1829 1257 1866 invitatos
1286 1829 1410 1866 fuisse
1439 1842 1489 1866 ex
1521 1833 1694 1869 consilio

53 1899 268 1935 Hannonis
293 1898 664 1947 Carthaginiensis,
696 1904 740 1933 ut
766 1899 807 1933 in
839 1910 951 1933 suam
978 1900 1122 1934 urbem
1151 1898 1406 1946 reciperent.
1428 1925 1436 1934 .
1454 1926 1462 1934 .
1491 1898 1696 1937 Coloniam

51 1968 291 2004 Bruttiorum
322 1984 330 2002 .·
359 1979 500 2004 verum
538 1968 602 2003 illi
635 1969 840 2003 morituros
865 1981 900 2003 se
931 1967 1208 2004 adfirmabant
1233 1969 1366 2015 citius,
1392 1981 1507 2018 quam
1535 1971 1698 2007 immixti

52 2037 222 2074 Bruttiis
249 2039 289 2073 in
312 2038 458 2072 alienos
486 2038 605 2082 ritus,
644 2050 785 2082 mores,
818 2039 1009 2088 legesque,
1045 2051 1089 2072 ac
1119 2050 1206 2073 most·
1230 2039 1343 2073 etiam
1369 2038 1551 2088 linguam
1576 2046 1697 2076 verte-

0 2106 1 2110 ’
53 2113 196 2142 rentur.
249 2108 352 2156 Ergo
385 2107 661 2143 Hannibalica
706 2112 945 2155 tempestate
975 2108 1142 2153 Bruttii,
1187 2120 1285 2156 quos
1317 2109 1479 2145 Graecis
1512 2109 1694 2147 infensos

0 2192 2 2198 ’
54 2181 96 2213 et
124 2175 301 2213 fautores
327 2178 553 2213 Poenorum
579 2177 717 2213 Livius
749 2176 973 2222 describit,
1013 2174 1228 2227 αλλοθροοι
1262 2173 1474 2226 (barbari)
1510 2178 1697 2217 traduce-

56 2246 210 2281 bantur
251 2248 302 2282 ab
350 2246 537 2282 Italiotis.
593 2247 648 2282 At
695 2245 794 2294 quid
844 2252 905 2283 tot
948 2247 1081 2282 obviis
1123 2247 1300 2282 nummis
1342 2260 1433 2283 cum
1477 2249 1696 2297 epigraphe

1 2331 3 2337 ·
54 2318 301 2351 BPETTIQN
332 2318 675 2351 MAMEPTINQN
710 2315 905 2353 faciemus
936 2321 951 2351 ?
987 2315 1189 2364 Equidem
1220 2316 1278 2352 sic
1315 2317 1449 2353 sentio
1480 2335 1486 2352 ε
1516 2317 1696 2355 Bruttios

54 2391 145 2434 post
171 2385 415 2421 Hannibalis
441 2397 647 2422 excessum
670 2396 721 2422 ex
749 2386 891 2430 Italia,
924 2399 1015 2422 cum
1046 2386 1208 2423 Graecis
1235 2388 1524 2423 reconciliatos
1549 2415 1559 2433 ,
1584 2389 1698 2436 paul·

53 2455 171 2492 latim
210 2467 260 2492 ex
296 2455 541 2491 commercio
580 2455 690 2491 ultro
726 2455 912 2504 citroque
950 2457 1101 2505 agitato
1139 2456 1317 2493 exsuisse
1346 2457 1607 2502 barbariem,
1650 2470 1697 2495 ac

52 2523 218 2561 tandem
249 2523 298 2559 ad
325 2525 537 2570 instituta,
565 2537 697 2561 mores
739 2537 784 2561 ac
814 2525 995 2574 linguam
1025 2525 1234 2561 transiisse
1264 2527 1522 2563 Graecorum.
1556 2528 1698 2575 ltaque

0 2598 7 2622 ἲ
58 2595 230 2631 Graecos
261 2595 506 2630 Bruttiorum
539 2607 723 2631 nummos
758 2607 805 2632 ea
843 2600 977 2631 aetate
1019 2596 1212 2643 consigno
1235 2621 1245 2641 ,
1285 2608 1389 2643 quae
1423 2597 1701 2634 Hannibalica

54 2666 239 2712 tempora
271 2671 330 2701 est
357 2671 588 2701 consecuta.

114 2744 133 2767 2
165 2734 202 2769 A
225 2734 376 2770 rustico
391 2761 400 2779 ,
420 2734 490 2782 qui
516 2732 708 2771 vendidit
733 2733 898 2771 cuidam
923 2735 1249 2784 peregrinatori,
1279 2747 1301 2771 a
1324 2748 1403 2783 quo
1418 2736 1547 2772 multo
1566 2737 1701 2785 pretio

57 2802 161 2840 emit
187 2803 446 2846 Eminentiss.
471 2803 624 2853 Borgia.
669 2806 724 2840 M-
