1976 3298
226 176 284 204 2²2
640 173 1061 204 PHILODEMI
1114 173 1329 206 LIBER
1380 177 1450 206 JV

290 258 383 320 (V.
410 259 478 306 13.
507 262 651 327 ἑκαςῳ
679 279 769 310 των
798 278 932 310 καιτοι
963 258 1135 325 μεςος.)
1172 261 1232 306 In
1253 269 1540 329 αυτογςαφῳ
1564 260 1865 325 adscriptum

222 343 380 391 suerat
410 366 499 395 των
530 365 756 406 μσυσικων.
793 342 989 392 Vocem
1020 351 1185 391 autem
1212 367 1427 407 μουσικων
1462 361 1625 393 errore
1656 346 1756 392 hue
1787 346 1864 395 in-

221 427 430 491 repsisse
470 436 518 475 ct
557 444 731 474 sensus
770 427 944 486 docet,
977 436 1025 476 et
1052 437 1266 492 puncta,
1296 429 1487 493 ‘quibus
1527 438 1601 477 est
1633 429 1826 477 confixa
1850 467 1864 489 ‚

223 512 450 558 dubitare
491 528 597 558 non
637 511 824 559 sinunt.
890 512 1048 560 Eceui
1097 522 1263 560 autem
1308 510 1600 577 hujusmodi
1650 524 1867 561 erratum

220 594 559 644 adscribemus
597 593 618 642 ?
663 595 894 644 Librario
934 597 1111 661 utique
1155 615 1262 644 non
1303 596 1514 645 videtur.
1574 598 1692 648 Vox
1728 597 1866 646 enim

221 702 434 745 μουσικων
467 679 521 727 in
555 688 658 727 tota
700 681 791 727 hac
830 683 1069 727 columna
1114 680 1302 727 nullibi
1348 690 1643 744 comparet3
1695 682 1867 744 itaque

220 763 321 810 dici
345 765 522 830 nequit
544 767 812 813 oculorum·
832 786 1147 833 παςωςαμοιτι
1174 765 1359 812 sactum
1385 782 1516 825 esse,
1541 775 1597 813 ut
1623 766 1661 812 is
1691 765 1866 813 dictio-

218 865 337 896 nem
366 848 593 913 superius
635 851 717 898 vel
754 849 961 897 inferius
994 849 1207 913 positam
1245 848 1345 896 huc
1385 847 1700 915 interjecerit.
1751 849 1864 896 Pro-

218 931 441 981 babilius
484 934 637 997 igitur
679 934 796 994 erit,
845 934 886 980 si
930 933 1156 980 dicamus
1197 951 1224 980 a
1262 932 1480 982 dictante
1507 971 1519 993 ,
1560 943 1609 981 et
1658 933 1869 998 quidem

218 1027 453 1078 auctore,
495 1036 714 1068 errorem
756 1018 1035 1082 profectum
1059 1054 1070 1076 ‚
1118 1015 1260 1083 cujus
1301 1017 1356 1065 in
1394 1026 1562 1066 mente
1604 1036 1720 1065 cum
1761 1034 1869 1080 per-

215 1111 370 1165 petuo
409 1126 601 1166 μσυσικικ
640 1112 690 1151 et
727 1125 918 1166 μουσικσι
960 1110 1307 1161 versarentur,
1341 1102 1474 1149 nihil
1506 1101 1703 1149 facilius
1741 1102 1868 1160 suit,

218 1205 370 1252 quam
389 1196 445 1234 ut
469 1187 565 1234 sibi
589 1188 720 1236 inter
745 1187 1039 1234 dictandum
1058 1223 1070 1246 ,
1095 1186 1265 1233 animo
1295 1186 1655 1250 aliquantisper
1685 1184 1868 1232 abalie-

218 1279 370 1330 nato,
406 1279 517 1334 post
565 1271 833 1318 articulum
876 1291 965 1322 των
1010 1277 1321 1318 succurreret
1363 1292 1608 1333 μουσικων,
1656 1285 1869 1333 eamque

219 1372 397 1403 vocem
435 1355 738 1414 effunderet,
777 1372 930 1419 quam
965 1354 1131 1403 statim
1161 1355 1216 1402 in
1243 1372 1294 1402 se
1329 1363 1556 1418 receptus
1587 1353 1743 1402 deleri
1769 1351 1872 1418 jus-

221 1439 351 1486 serit.

289 1523 382 1585 (V.
417 1521 489 1570 15.
529 1522 897 1585 snzrsroenrou-)
932 1522 1196 1571 Exstantes
1225 1525 1592 1572 elementorum
1624 1520 1871 1585 reliquiae

223 1607 451 1654 detritam
488 1625 666 1655 vocem
703 1607 773 1654 sic
804 1606 1167 1655 restituendam
1203 1607 1445 1654 indicant.
1492 1606 1598 1656 Nec
1626 1606 1873 1655 sententia

226 1691 443 1738 auctoris
471 1692 681 1738 abludit.
718 1691 848 1740 Vult
879 1690 1016 1738 enim
1045 1691 1313 1750 musicam,
1345 1708 1474 1754 quae
1499 1691 1680 1754 patrias
1707 1708 1871 1739 caere-

223 1775 420 1823 monias
451 1775 678 1823 comitari
711 1777 920 1835 soleret,
951 1777 1098 1823 nullo
1129 1775 1306 1824 divino
1328 1785 1590 1839 praecepto
1612 1775 1872 1823 inculcari.

290 1860 384 1922 (V.
403 1860 475 1906 23·
497 1883 571 1911 nou
594 1860 686 1923 ουχ’
715 1857 834 1921 ὑπο.)
863 1859 997 1909 Vide
1024 1860 1342 1907 amanuensis
1365 1859 1523 1906 nostri
1545 1859 1872 1923 imperitiam,

223 1943 329 1992 sive
357 1944 671 1992 oscitantiam
690 1982 701 2004 ,
726 1943 815 2008 qui
837 1962 992 1991 unam
1016 1944 1260 2009 syllabam
1289 1965 1377 2008 ουχ
1404 1943 1646 1991 bivariam
1671 1943 1872 2003 divisit,

222 2028 438 2077 litteram
464 2051 504 2094 χ
530 2029 585 2077 in
610 2029 899 2077 inferiorem
923 2028 1109 2076 lineam
1130 2030 1359 2088 trahem,
1389 2028 1533 2093 quasi
1562 2029 1625 2075 ad
1653 2043 1868 2092 sequens

222 2109 306 2163 ὕπο
332 2114 612 2177 pertineret.

293 2199 394 2261 (V.
425 2198 499 2244 28.
538 2194 834 2265 τεςετιξειν.)
872 2198 1054 2244 Procul
1083 2196 1242 2244 dubio
1282 2196 1353 2243 sic
1383 2213 1612 2243 mancam
1645 2195 1699 2242 in
1729 2204 1873 2243 auto-

222 2285 410 2347 grapho
443 2300 619 2331 vocem
652 2300 757 2331 esse
790 2283 1100 2330 sarciendam
1134 2299 1210 2330 res
1248 2281 1355 2345 ipsa
1384 2283 1596 2340 clamat3
1635 2282 1869 2345 quemad-

225 2369 435 2414 modum
493 2388 561 2420 τοι
608 2363 931 2435 mesa-Kouma
974 2366 1156 2414 iterum
1206 2367 1478 2427 legendum
1526 2364 1725 2413 videtur
1772 2367 1870 2412 col.

223 2450 432 2511 XXIX,
463 2470 509 2499 v.
542 2467 594 2497 21
624 2488 636 2509 ‚
671 2450 762 2498 ubi
794 2451 872 2497 bis
902 2469 930 2498 a
959 2450 1164 2498 librario
1199 2450 1443 2513 descripta
1471 2450 1624 2498 verba
1650 2471 1724 2500 neu
1755 2446 1868 2501 ὃταν

226 2528 273 2586 δε
301 2549 458 2598 >laycus
485 2529 716 2587 σιναὸιδωσι
749 2556 818 2587 τοι
851 2556 1190 2602 metymnaeum,
1219 2551 1347 2598 quae
1376 2552 1494 2580 mox
1517 2533 1674 2582 veluti
1701 2551 1871 2597 super-

227 2618 329 2666 flua
348 2620 524 2683 partim
548 2619 745 2683 punctis
765 2618 972 2666 confixit
986 2656 997 2678 ‚
1020 2619 1197 2683 partim
1217 2618 1361 2665 uncis
1378 2620 1439 2666 de
1457 2635 1596 2666 more
1612 2618 1830 2666 inclusit.
1851 2627 1867 2650 1

286 2776 300 2799 1
336 2762 443 2810 Quid
467 2763 561 2798 huic
587 2763 806 2812 sphalmati
832 2763 1088 2800 occasionem
1112 2763 1346 2811 praebuisse
1370 2768 1486 2810 putas
1517 2767 1532 2796 ἱ)
1559 2761 1649 2796 Nisi
1676 2762 1748 2797 illa
1775 2773 1871 2809 par-

231 2834 355 2872 ticula
384 2846 449 2869 unu
476 2833 538 2869 bis
564 2834 697 2882 posita
724 2837 815 2882 post
845 2833 943 2869 bina
971 2836 1097 2871 verba
1126 2832 1322 2870 similiter
1348 2831 1571 2878 cadentia,
1601 2831 1639 2866 h.
1670 2843 1701 2868 e.
1731 2829 1870 2879 primo,
