1976 3298
544 199 1238 232 HERCULANENSIBUS.
1686 203 1714 251 7

59 288 193 360 fatti
199 285 320 355 fece
352 305 421 335 un
451 286 722 334 bellissimo
749 303 922 356 rame,
963 287 1092 350 qual
1118 286 1164 333 si
1190 285 1371 332 doveva
1395 302 1558 349 porre
1584 288 1719 335 nella

70 373 368 442 prefizzione
417 371 527 419 dell’
581 369 760 417 ultimo
825 379 961 417 tomo
1017 369 1142 416 delle
1171 364 1360 441 figure
1408 369 1461 416 di
1512 371 1718 419 bronzo.

78 461 272 522 Questo
284 454 362 522 sit
385 455 689 520 pubblicato
708 490 720 514 ,
748 451 831 500 mc'z
863 453 994 500 detto
1025 454 1209 524 saggio
1236 472 1338 501 non
1366 454 1537 503 l’anno
1552 467 1722 520 posto.

79 543 161 592 Ed
196 541 236 588 il
253 559 356 605 per
392 541 482 588 che
518 539 546 586 P
577 535 702 586 sarc'c
728 555 868 585 come
900 546 1028 584 tutto
1063 537 1102 583 il
1134 546 1284 584 resto.
1307 567 1368 575 —
1391 569 1453 577 --

141 624 475 672 Doctissimus
525 621 827 670 issartorelli
874 622 943 669 ita
989 622 1052 670 de
1099 621 1362 670 volumine
1419 624 1677 674 Phaniano
1709 647 1727 675 z

13 763 15 771 Ι
75 710 264 760 Fatum
299 707 573 757 voluminis
606 707 826 754 Phaniae
855 705 1039 769 paucis
1081 706 1434 769 exponendum
1470 726 1618 768 reor,
1653 721 1727 757 at-

74 813 176 859 que
197 811 301 857 quo
318 800 476 855 pacto
498 791 559 837 ab
588 790 816 838 Antonio
849 790 1055 852 Piaggio
1084 789 1264 838 doctus
1289 808 1419 837 sum.
1455 791 1725 840 Evolverat

75 878 160 925 hic
201 876 453 941 siquidem
495 875 698 921 initium
737 892 796 921 ea:
837 873 937 920 illis
979 873 1271 934 codicibus,
1319 875 1610 940 reperitque
1652 878 1727 924 in-

73 961 326 1026 scriptum
367 958 755 1007 characteribus
798 957 976 1005 ceteris
1010 957 1389 1028 grandioribus
1432 966 1727 1014 ΦΑΝῙΑΟ.

80 1046 225 1097 Vidit
259 1045 398 1092 hunc
433 1044 641 1090 titulum
682 1042 803 1089 olim
835 1042 1045 1088 auditor
1083 1060 1224 1090 meus
1261 1043 1542 1104 Galianu33
1586 1045 1728 1093 illico

75 1124 347 1194 σχεῶασμοι
378 1126 726 1185 concinnavit,
739 1121 1006 1196 finxitque
1033 1128 1289 1191 quendam
1314 1128 1557 1176 Phaniam
1583 1131 1728 1178 bota-

78 1213 269 1261 nicum.
327 1211 529 1260 Obtulit
566 1212 620 1258 id
650 1211 842 1258 laboris
881 1211 1110 1259 Tanucio
1148 1210 1393 1260 Galianus
1416 1250 1430 1273 ‚
1464 1224 1518 1262 at
1554 1215 1729 1263 statim

64 1297 277 1360 jussum
326 1305 427 1356 est,
476 1295 699 1342 codicem
741 1294 888 1341 illum
935 1296 1141 1342 minime
1189 1297 1376 1357 evolvi,
1420 1316 1523 1362 quo
1570 1317 1627 1346 ea
1674 1301 1731 1349 in

77 1380 367 1450 cognitione
399 1378 605 1425 minime
632 1395 995 1440 versaremur,
1038 1397 1202 1443 neque
1230 1397 1288 1427 ea
1323 1382 1609 1430 eruditione
1643 1403 1731 1432 ex-

77 1465 392 1523 colet-emar,
425 1459 908 1527 commonef'ecitque
936 1480 1014 1508 me
1041 1463 1299 1527 Piaggiusr,
1330 1467 1567 1514 volumen
1599 1469 1736 1519 illud

79 1567 200 1597 cum
251 1547 366 1595 aliis
422 1547 542 1594 bene
591 1547 765 1595 multis
816 1546 1147 1595 commixtum
1168 1585 1180 1608 ,
1239 1559 1393 1613 atque
1434 1550 1731 1617 confusum.

81 1631 342 1697 Neapoli,
381 1632 458 1678 die
500 1630 559 1679 26
576 1631 699 1679 Jan.
742 1648 884 1695 1777.
917 1661 978 1668 ——
1024 1633 1091 1680 Et
1114 1633 1295 1681 iterum
1328 1635 1409 1684 die
1434 1654 1577 1684 nono
1614 1649 1733 1690 ante

82 1718 281 1765 obitum
317 1738 328 1765 ε
363 1715 446 1763 De
476 1716 665 1764 Phania
698 1716 911 1780 ejusque
942 1717 1112 1763 codice
1140 1718 1208 1763 ad
1240 1727 1286 1769 te
1321 1719 1445 1767 satis
1471 1738 1738 1787 superque

80 1801 293 1866 scripsi,
319 1799 657 1866 nec-facultas
681 1801 838 1847 datur
859 1800 1178 1848 exscribendi
1200 1803 1280 1849 vel
1301 1803 1566 1852 minimam
1591 1808 1732 1858 illius

73 1884 272 1953 papyri
306 1894 512 1948 partem
545 1904 567 1942 ,·
606 1902 773 1948 porro
795 1882 1006 1950 falsum
1043 1895 1273 1949 reputes,
1315 1886 1367 1933 in
1409 1906 1465 1936 eo
1516 1891 1740 1941 lectitari

85 1976 342 2023 ΦΑΝΗΑΟ
387 1988 477 2034 pro
524 1976 788 2032 <13ANIAC3
836 1968 936 2017 scis
981 1969 1161 2016 etenim
1204 1987 1262 2016 ea
1303 1971 1513 2020 aevitate
1548 1986 1591 2028 H
1629 1995 1735 2025 non

84 2051 362 2118 confusum
389 2072 505 2100 cum
535 2076 613 2105 του
646 2064 770 2107 Ῑωτοι
799 2070 942 2101 sono.
998 2052 1168 2118 Neap.
1199 2053 1278 2101 die
1316 2073 1374 2102 12
1411 2055 1548 2105 Nov.
1591 2078 1735 2125 1777,

152 2138 502 2187 Amicissimus
529 2137 845 2186 Franciscus
879 2137 1126 2200 Daniele,
1161 2138 1315 2204 Neap.
1340 2160 1405 2188 m.
1435 2141 1544 2190 Jan.
1579 2146 1736 2211 1789:

87 2219 155 2269 In
182 2232 375 2285 quanto
411 2223 516 2268 alla
558 2222 917 2271 dissertazione
955 2223 1063 2270 dell'
1100 2224 1299 2271 Abbate
1333 2225 1534 2275 Galiani
1574 2245 1736 2292 sopra

89 2304 289 2365 Fanea,
331 2315 558 2354 scoverto
598 2307 691 2352 tra'
709 2307 891 2370 papiri
916 2307 1247 2367 Ercolanesi,
1279 2309 1378 2355 ella
1410 2328 1513 2358 non
1541 2310 1735 2379 maistt

88 2398 385 2454 stampata;
429 2408 490 2436 ne
517 2408 613 2454 per
648 2389 893 2462 diligenze
929 2391 993 2437 da
1031 2410 1108 2439 me
1139 2392 1396 2455 praticate
1435 2404 1519 2443 tra
1562 2397 1607 2444 le
1642 2415 1736 2444 sue

90 2483 233 2523 carte
261 2472 416 2522 MSS.
445 2474 492 2522 si
526 2476 551 2521 e
572 2484 760 2538 potuta
789 2475 1073 2537 rinvenire‚
1105 2487 1198 2526 etc.

159 2559 240 2608 De
274 2557 477 2605 Phania
512 2558 692 2607 Eresio
737 2569 787 2608 et
828 2559 1171 2624 Theophrasti
1209 2564 1559 2629 condiscipulo
1600 2565 1734 2631 apud

92 2639 443 2704 Aristotelem,
476 2647 818 2693 consulendus
848 2655 921 2694 est
943 2644 1280 2695 Casaubonus
1311 2651 1372 2696 ad
1388 2650 1732 2709 Athenaeum,

96 2725 212 2773 Lib.
239 2728 314 2787 ΙΙ,
348 2746 450 2791 cap.
482 2728 600 2774 XII.
651 2728 856 2794 Scripsit
890 2733 1274 2779 commentarios
1306 2734 1366 2781 de
1393 2743 1568 2781 natura
1596 2737 1736 2798 plan-

94 2810 271 2859 tarum.
324 2810 568 2862 Scribitur
600 2812 748 2862 etiam
781 2812 889 2880 ejus
922 2832 1113 2866 nomen
1143 2823 1337 2870 Φαινιας
1363 2819 1496 2883 apud
1529 2828 1735 2869 veteres.
