1976 3298
183 194 245 227 10
606 160 1016 220 PHILODEMi
1069 186 1283 219 LIBER
1334 186 1402 220 lev

179 272 649 324 eruditissimorum
679 281 725 318 et
757 271 1249 319 humanissimorum
1286 280 1431 318 coetu
1467 270 1670 335 loquor.
1699 255 1824 320 ‘'Au-

178 360 322 408 distis
351 356 588 422 profecto
628 356 731 403 dici
751 392 763 416 ,
796 356 1133 420 philosophos
1171 355 1454 419 Epicureos
1502 373 1672 403 omnes
1706 374 1819 416 res,

177 461 314 509 quae
352 451 473 490 sunt
508 439 705 487 homini
744 441 1069 504 expetendae,
1114 442 1372 504 voluptate
1409 439 1579 486 metiri
1609 460 1624 485 .-
1659 450 1822 501 recte,

178 547 246 576 an
283 542 456 583 secu-5,
497 522 631 570 nihil
671 524 739 571 ad
780 542 872 571 nos
899 544 918 582 ;
962 534 1084 583 aut,
1121 524 1168 570 si
1202 525 1270 570 acl
1306 541 1428 583 nos,
1463 523 1595 569 nihil
1627 524 1694 570 ad
1731 525 1830 572 hoc

176 623 404 674 tempus:
433 609 523 655 sed
551 618 716 655 tamen
755 608 1014 656 lubricum
1041 625 1206 679 ⁴genus
1246 607 1494 654 orationis
1521 607 1830 655 adolescenti

176 710 282 743 non
317 693 510 740 acriter
542 692 842 763 intelligenti
874 709 1022 754 saepe
1043 709 1309 755 praeceps.
1362 690 1547 754 Itaque
1579 691 1827 740 admissa-

176 779 292 826 rius
329 777 447 839 iste,
487 777 645 824 simul
677 787 830 841 atque
869 776 1061 823 audivit
1104 794 1134 821 a
1162 775 1475 839 philosopho
1517 777 1861 839 voluptatem.

177 874 441 927 tantopere
471 861 707 922 laudari,
750 860 882 907 nihil
910 860 1197 924 expiscatus
1225 870 1297 907 est
1334 881 1349 906 .-
1383 860 1459 908 sic
1493 877 1615 908 suos
1647 878 1827 908 sensus

176 946 539 1009 voluptuarios
564 963 734 993 omnes
760 945 1004 1004 incitavit,
1031 944 1106 991 sic
1133 945 1200 990 ad
1224 944 1362 991 illius
1385 945 1516 992 hanc
1544 945 1828 992 orationem

177 1031 457 1089 adhinniit,
497 1040 552 1076 ut
576 1048 677 1077 non
715 1028 1024 1099 magistrum
1052 1028 1282 1088 virtutis,
1312 1029 1399 1076 sed
1429 1040 1692 1076 auctorem
1719 1030 1831 1076 libi-

177 1117 312 1167 dinis
340 1134 370 1162 a
402 1132 454 1162 se
487 1115 634 1161 illum
671 1114 927 1160 inventum
964 1113 1330 1160 arbitraretur.
1393 1112 1624 1161 Graecus
1651 1114 1825 1176 primo

176 1201 497 1272 distinguere
531 1209 684 1263 atque
719 1198 937 1245 (lividere
973 1197 1088 1257 illa,
1131 1198 1562 1261 quemadmodum
1603 1199 1827 1245 diceren-

179 1295 271 1333 tur
298 1306 313 1331 .·
349 1283 439 1331 iste
461 1284 704 1341 claudus,
729 1281 986 1346 quomodo
1014 1281 1187 1341 aiunt,
1213 1281 1376 1344 pilam
1400 1281 1652 1340 retinere;
1689 1282 1833 1346 quod

179 1378 475 1433 acceperat,
508 1361 804 1435 testficari;
837 1366 1038 1412 tabulas
1066 1366 1340 1436 obsignare
1363 1366 1512 1426 velle,
1539 1365 1828 1428 Epicurum

178 1455 428 1503 disertum
465 1453 734 1498 decernere
761 1471 776 1496 .·
813 1460 858 1496 et
888 1462 1053 1496 tamen
1085 1449 1512 1512 dictum'opinor,
1539 1468 1592 1496 se
1623 1452 1827 1497 nullum

179 1540 375 1587 honum
419 1535 701 1606 intelligere
737 1552 921 1598 posse,
968 1534 1143 1581 demtis
1189 1534 1425 1598 corporis
1468 1535 1829 1598 voluptatibus.

183 1623 330 1686 Quid
366 1622 529 1668 mulla
562 1621 588 1667 Ρ
626 1618 858 1667 Graecus
874 1617 1059 1683 facilis
1092 1628 1136 1664 et
1174 1619 1318 1666 valde
1353 1628 1594 1666 venustus
1623 1656 1635 1677 ‚
1677 1619 1830 1667 nimis

173 1722 396 1776 pugnax
444 1714 626 1751 contra
673 1703 973 1751 Senator-em
1013 1703 1204 1766 populi
1243 1703 1303 1748 R.
1351 1720 1455 1750 esse
1502 1704 1680 1750 noluit.
1742 1704 1834 1752 Est

181 1798 354 1837 autem
382 1787 492 1848 hic,
532 1789 590 1834 de
622 1806 727 1852 quo
768 1788 982 1852 loquor,
1019 1806 1123 1834 non
1147 1787 1477 1851 philosophia
1504 1789 1674 1835 solum
1694 1825 1706 1848 ‚
1742 1789 1834 1836 sed

179 1873 336 1920 etiam
367 1871 578 1919 caeteris
609 1871 825 1931 studiis,
860 1890 992 1936 quae
1012 1869 1136 1937 sere
1173 1881 1397 1920 caeteros
1431 1872 1715 1936 Epicureos
1751 1892 1832 1920 ne-

182 1958 385 2030 gligere
425 1956 634 2016 dicunt,
671 1956 974 2019 perpolitus.
1015 1954 1206 2002 Poema
1233 1974 1399 2019 porro
1416 1955 1559 2022 sacit
1591 1957 1661 2004 ita
1680 1955 1832 2021 festi-

187 2060 332 2101 vum,
380 2039 450 2086 ita
493 2039 833 2097 concinnum,
883 2039 953 2085 ita
993 2041 1221 2110 elegans,
1265 2040 1397 2087 nihil
1431 2050 1486 2087 ut
1516 2035 1644 2108 fieri
1667 2044 1837 2105 possit

181 2123 428 2195 argutius
454 2145 469 2170 .-
499 2133 589 2173 etc.
628 2124 866 2172 Meminit
891 2142 1096 2189 quoque
1124 2124 1380 2171 Horatius
1403 2125 1686 2173 Philodemi
1718 2127 1833 2174 Lib.

185 2209 213 2256 I
235 2246 247 2268 ‚
287 2209 385 2256 Sat.
419 2225 474 2268 2,
507 2226 552 2256 v.
588 2225 669 2254 121
707 2229 717 2255 ε
754 2206 918 2254 Gallis
950 2208 1083 2254 hanc
1107 2207 1438 2255 Philodemus
1475 2208 1547 2254 ait
1582 2218 1672 2258 etc.
1719 2210 1840 2274 Epi-

184 2310 407 2355 gramma
431 2328 444 2352 ,
496 2292 579 2339 cui
634 2293 834 2356 adparet
885 2293 1124 2339 Flaccum
1185 2292 1427 2341 adlusisse
1455 2330 1466 2352 ‚
1521 2293 1698 2356 incipit
1744 2305 1834 2348 Εινι

187 2398 356 2440 μυχοις
388 2370 577 2444 agendam*
609 2384 700 2424 etc.
731 2378 791 2423 ad
819 2377 957 2441 quod
981 2376 1097 2425 vide
1133 2376 1410 2424 doctissimi
1438 2376 1832 2441 amicissimique

187 2458 373 2506 Iacobs
414 2460 740 2508 animadvers.
776 2459 831 2507 in
866 2460 1032 2523 Epigr.
1066 2461 1274 2508 Anthol.
1309 2479 1377 2523 gr.
1407 2461 1523 2512 Vol.
1562 2462 1615 2507 II
1637 2498 1649 2521 ,
1687 2462 1738 2510 P.
1778 2463 1836 2521 Ι,

192 2561 301 2607 pag.
331 2543 422 2590 218
441 2581 452 2603 ‚
494 2559 601 2608 219.
654 2544 971 2591 Emerscrant
1001 2546 1063 2593 de
1092 2544 1215 2593 tanti
1246 2544 1533 2609 philosophi
1568 2563 1623 2592 ac
1658 2554 1835 2609 poetae

192 2628 632 2691 epigrammatibus
655 2637 849 2676 tantum
870 2628 1126 2691 XXXIII,
1151 2629 1286 2678 binis
1309 2629 1549 2676 nimirum
1576 2647 1603 2676 a
1623 2629 1835 2677 Rosinio

193 2712 367 2758 adlatis
394 2730 418 2759 e
445 2713 941 2763 Palatino—Vaticano
960 2714 1079 2777 (qui
1108 2732 1246 2763 nunc
1275 2713 1474 2761 Parisiis
1506 2713 1609 2775 est)
1636 2713 1836 2773 codice,

193 2797 256 2846 ad
286 2813 414 2861 quae
437 2806 628 2862 praeter
659 2796 955 2861 Rosinium7
988 2801 1178 2861 multa,
1217 2807 1275 2848 ut
1306 2801 1468 2859 solet,
1508 2799 1654 2847 docte
1686 2798 1834 2844 adno-
