1976 3298
713 242 1140 275 DE·MU310«A.
1675 223 1736 269 35

104 329 262 377 animi
289 325 658 390 tranquillitate
676 362 687 383 ‚
721 334 778 372 ut
801 310 1148 389 interpretatur
1171 322 1374 383 Cicero,
1406 323 1466 369 de
1493 321 1705 370 Finibus
1726 361 1737 382 ,

103 413 287 460 librum
317 411 573 473 scripserat
599 408 957 467 Democritus,
1000 411 1062 456 de
1096 426 1197 472 quo
1230 405 1494 464 Laertius,
1526 404 1736 452 Plutar-

102 495 252 552 chus,
298 493 523 540 Clemens
564 491 976 547 Alexandrinus,
1018 490 1245 547 Tullius,
1280 489 1504 549 Seneca,
1549 489 1737 553 aliique

100 578 465 634 meminerunt,
510 576 598 640 qui
636 577 797 635 forte,
839 584 894 622 ut
932 583 1065 623 recte
1109 573 1314 639 conjicit
1357 573 1634 644 Menagius
1681 573 1736 622 in

99 659 398 718 Laercium,
443 678 547 707 non
594 669 667 707 est
710 659 933 707 diversus
981 659 1041 705 ab
1086 675 1176 716 eO‚
1223 674 1374 721 quem
1425 657 1738 721 inscripserat

101 765 198 811 met
236 757 393 797 τελους
418 783 429 803 ,
460 744 517 789 (le
550 743 690 789 Fine.
740 744 913 790 Animi
954 742 1090 790 enim
1127 740 1539 805 tranquillitatem
1565 777 1576 798 ‚
1614 749 1737 787 tam-

101 845 251 889 quam
294 828 488 875 homini
519 827 672 875 finem
717 843 1070 889 summumque
1106 827 1299 872 honum
1331 824 1653 892 proponebat.
1674 852 1734 859 —-

100 911 274 975 Itaque
306 911 486 959 Noster
508 930 644 958 nunc
674 911 830 974 ipsam
857 907 1149 956 Democriti
1163 926 1340 956 vocem
1365 923 1601 970 usurpare
1629 924 1734 953 non

99 993 321 1054 dubitat,
356 1004 404 1043 et
440 1000 717 1043 secuudum
753 1012 870 1042 suae
907 1002 1067 1042 sectae
1106 992 1286 1056 placita
1321 994 1542 1055 ευθὺμιοιν
1573 992 1735 1037 multo

96 1078 251 1140 pluris
278 1115 289 1137 ⁷
333 1097 482 1142 quam
523 1078 725 1124 inutiles
773 1078 902 1124 alias
946 1075 1252 1144 quisquilias
1298 1076 1577 1123 faciendam
1629 1091 1735 1122 esse

97 1162 408 1223 pronunciat.

167 1246 186 1304 (
222 1247 284 1295 V.
329 1262 402 1310 29.
455 1246 652 1306 τιλων.)
702 1246 809 1293 MS.
854 1246 993 1294 offert
1044 1266 1185 1298 τιτων
1233 1246 1315 1294 vel
1358 1263 1518 1295 τιπων.
1588 1242 1733 1308 Quid

97 1330 305 1376 monstri
343 1332 439 1376 hoc
479 1340 551 1378 est
587 1328 607 1377 ?
643 1330 851 1393 Refinge
885 1330 1036 1392 igitur
1063 1342 1214 1382 τιλων.
1253 1338 1396 1379 Τιλας
1423 1326 1559 1374 enim
1588 1328 1738 1389 adpo-

96 1413 186 1461 site
235 1415 450 1477 adpellat
505 1414 783 1477 Epicureus
837 1413 1019 1461 Noster
1072 1430 1195 1476 prae
1239 1413 1437 1481 ευθυμιᾳ
1490 1409 1736 1456 musicam

96 1497 385 1557 scientiam,
420 1506 467 1546 et
497 1499 789 1560 gloriolam,
819 1515 969 1561 quam
998 1514 1058 1543 ex
1087 1514 1144 1544 ea
1178 1495 1385 1560 quidam
1410 1503 1601 1557 captare
1635 1497 1738 1540 stu-

96 1579 308 1638 debant,
338 1588 509 1642 utpote
533 1601 790 1647 αχξηςους,
823 1579 1024 1625 inutiles
1054 1580 1113 1626 ad
1141 1578 1428 1626 beatitatem
1458 1578 1737 1641 adsequeri-

94 1664 222 1710 dam.
285 1665 342 1710 Id
375 1664 511 1712 enim
544 1664 597 1711 in
634 1663 788 1719 totius
830 1663 992 1728 operis
1028 1662 1356 1711 conclusione
1393 1678 1443 1710 se
1476 1661 1738 1710 intendere

95 1747 370 1812 profitetur.

162 1831 180 1892 (
212 1832 270 1880 V.
301 1831 377 1895 39·
413 1832 887 1895 συνκατακοσμησιν.)
926 1829 1067 1877 Nulli
1106 1829 1355 1889 dubium,
1396 1828 1522 1893 quin
1560 1828 1629 1875 ita
1663 1830 1735 1876 le-

91 1918 314 1977 gendum
353 1916 448 1974 sit;
496 1916 587 1963 etsi
625 1924 736 1963 ante
775 1926 812 1968 K
850 1915 976 1961 adsit
1016 1924 1059 1966 N
1104 1932 1192 1977 pro
1230 1925 1292 1972 Γ,
1346 1914 1484 1977 quod
1520 1912 1734 1960 scribere

94 2003 329 2048 solemus.
364 2009 375 2031 1
417 1999 514 2047 Sed
541 1999 659 2046 huic
687 2001 1024 2062 calligrapho7
1060 2015 1213 2062 quem
1248 1997 1456 2045 minime
1484 1997 1732 2044 Graecum

94 2084 354 2131 hominem
402 2084 633 2130 ducimus
663 2121 674 2142 ,
727 2081 971 2148 cujusque
1023 2082 1337 2129 oscitantiam
1387 2082 1447 2127 ab
1497 2098 1629 2139 ovo,
1678 2089 1734 2128 ut

94 2168 262 2227 aiunt,
295 2170 356 2215 ad
387 2170 576 2215 malum
601 2185 761 2232 usque
792 2167 990 2231 experti
1011 2184 1211 2226 Sumus⁷
1248 2167 1360 2230 quis
1386 2164 1539 2213 fidere
1576 2164 1729 2223 ausit,

94 2260 151 2297 ut
170 2260 352 2298 certam
371 2251 489 2298 inde
514 2250 782 2313 scripturae
801 2269 1028 2298 normam
1057 2247 1257 2314 capiat?
1291 2260 1735 2311 Συγκατεικοσμησις

90 2353 210 2384 vero
240 2335 371 2383 nihil
395 2335 533 2381 aliud
565 2335 676 2382 heic
707 2334 983 2396 significare
1010 2343 1201 2397 potest,
1236 2351 1386 2397 quam
1414 2331 1733 2391 constitutio,

92 2437 191 2483 qua
232 2436 410 2482 nempe
450 2418 633 2477 fiebat⁷
676 2428 733 2465 ut
764 2419 896 2482 apud
934 2418 1100 2481 plures
1138 2427 1309 2481 gentes
1350 2418 1503 2478 vulgo
1539 2423 1735 2477 recepta

149 2601 162 2622 1
203 2587 268 2623 Sic
303 2587 427 2623 etiarn
453 2587 497 2622 in
529 2586 870 2634 inscriptionibus
896 2591 938 2622 et
970 2585 1137 2635 gemmis
1175 2584 1369 2633 legimus,
1401 2596 1436 2618 v.
1469 2596 1500 2618 c.
1532 2583 1575 2618 in
1607 2584 1734 2620 Sarda

90 2656 236 2704 capitis
251 2657 431 2704 Pompeii
458 2669 607 2693 nomen
622 2656 793 2692 artificis
816 2656 966 2705 legitur
986 2657 1364 2691 ΑΓΑΘΑΝΓΙΞΛΟΥ.
1407 2653 1734 2697 Ῑγίιι,ο1ςείηιαηιι.,

85 2725 346 2773 Description
384 2725 452 2761 des
494 2726 649 2772 pierres
686 2727 850 2774 gravees
896 2724 946 2761 de
983 2723 1148 2765 Stosch,
1195 2734 1279 2769 pag.
1317 2721 1403 2766 437.
1456 2722 1571 2758 Conf.
1608 2723 1732 2759 Henr.

81 2793 264 2842 Stephani
293 2795 462 2843 Paralip.
512 2796 731 2830 Grammat.
767 2808 803 2842 p.
836 2806 854 2841 7
874 2821 883 2839 7
921 2796 940 2831 ὅ
961 2820 971 2838 ,
1010 2798 1053 2830 et
1075 2790 1204 2830 Index
1234 2795 1445 2841 grammat.
1478 2790 1525 2826 ad
1566 2792 1732 2829 Grutcri

85 2864 400 2912 Inoerspfiones,
418 2865 498 2901 litt.
527 2864 574 2900 N.
636 2865 691 2900 M.
