1976 3298
1156 22 1171 44 δ

380 147 582 179 PROPE
634 143 958 177 PETILIAM
1006 140 1354 174 REPERTAE.
1625 133 1686 189 47

55 234 296 285 antistitae
334 232 505 295 templi
530 231 556 278 J
563 229 774 289 unoniS,
806 229 1082 277 deterrebat
1106 221 1347 291 populum
1377 225 1659 275 Petelinum
1677 263 1691 287 ,

48 319 232 369 necubi
284 316 481 363 Sicania
529 314 799 378 proscripta
856 314 908 359 in
961 312 1062 359 suis
1118 311 1410 359 consisteret
1460 310 1645 358 finibus
1676 331 1688 358 :

50 419 266 466 namque
299 400 575 448 verendum
608 406 740 455 erat,
775 413 838 443 ne
878 397 943 442 ob
980 396 1130 442 unius
1168 412 1407 458 personae
1446 393 1691 457 pracvari-

51 486 325 541 cationem‚
357 499 478 545 gens
507 490 610 528 tota
634 479 828 529 veniret
852 479 904 525 in
930 479 1211 526 discrimen.
1250 479 1419 545 Quam
1438 480 1687 540 vulgatam

49 568 339 633 opinionem
366 566 515 613 nobis
547 563 758 613 servavit
779 561 1059 619 Hesiodus,
1090 572 1197 628 Εςγ.
1225 580 1280 620 ν,
1313 575 1420 618 241.

179 678 372 720 Hohtxocm
405 689 481 717 και
508 664 739 732 {vunonem
768 675 898 714 πολις
925 686 1062 713 noanon
1092 657 1242 728 οινὸςος
1268 681 1481 728 omnnem,

180 749 263 804 ‘Os
295 773 368 801 κεν
402 762 653 817 matrem&
676 786 688 808 ‚
725 769 799 798 κοιι
827 744 1084 799 οιτοεοῧαλοι
1114 763 1441 808 μηχαναοιτοα.

117 850 264 897 Hanc
298 858 474 913 poetae
510 847 806 896 sententiam
838 846 1047 893 totidem
1085 845 1310 892 versibus
1346 842 1557 891 feliciter
1585 843 1690 891 red-

50 934 176 981 didit
212 932 434 980 Wolfius
468 933 529 978 ad
556 930 793 977 Aeschin.
826 931 886 978 de
918 929 1039 976 falsa
1069 927 1371 990 Legatione:

180 1033 340 1096 Saepe
374 1032 477 1079 viri
505 1048 630 1101 gens
668 1040 771 1077 tota
805 1029 899 1076 luit
933 1030 1098 1076 scelus
1134 1027 1286 1075 unius
1317 1036 1495 1087 atrox,

184 1117 293 1179 Qui
316 1133 561 1179 praeceps
598 1114 775 1185 agitur
805 1114 936 1161 male
964 1111 1081 1160 sani
1094 1111 1322 1176 pectoris
1354 1120 1510 1158 aestu.

120 1218 504 1282 Inscriptionem
526 1218 754 1265 lamellae
772 1215 1048 1278 Borgianae
1065 1252 1077 1274 7
1104 1232 1254 1279 quam
1279 1216 1518 1261 hactenus
1539 1230 1691 1261 mem-

52 1301 232 1351 bratim
273 1301 511 1365 exposui,
557 1299 697 1366 juvat
736 1317 872 1346 nunc
919 1317 1022 1346 uno
1068 1307 1301 1345 contextu
1349 1297 1691 1345 continuatam

50 1401 297 1448 exponere
331 1406 340 1432 :
386 1380 864 1453 Deaflagellalura
905 1382 925 1444 (
953 1383 1067 1445 est)
1103 1381 1339 1445 quisquis
1376 1381 1692 1428 domicilium

52 1467 311 1527 Sicaniae,
352 1477 400 1515 et
435 1485 783 1532 quaecumque
827 1466 922 1513 alia
955 1466 1254 1528 suppeditat.
1317 1463 1691 1513 Conterraneos

41 1553 487 1616 praevaricatores
514 1551 743 1599 Proxeni
770 1550 1070 1597 denuncient
1087 1550 1396 1597 Harmostis.
1433 1549 1691 1614 Populus,

53 1655 170 1684 cum
206 1636 271 1683 sit
301 1636 558 1700 pollutuS,
593 1653 750 1682 noxas
787 1635 969 1681 locales
1008 1634 1211 1697 (luet).
1265 1636 1457 1683 Isthaec
1492 1636 1692 1683 obnun-

52 1721 202 1768 ciatio
230 1720 483 1785 specimen
506 1737 618 1783 prae
648 1737 699 1767 se
728 1719 817 1767 sert
840 1721 1233 1783 οιναθημοιτισμου
1261 1717 1691 1783 (exsecrationis)

53 1823 152 1870 qua
181 1805 487 1853 feriebantur
515 1804 550 1851 ii
574 1841 585 1863 ,
625 1805 712 1868 qui
748 1803 954 1850 immani
988 1803 1207 1850 facinore
1234 1813 1422 1866 patrato
1452 1821 1478 1852 e
1506 1804 1690 1867 patriae

53 1888 240 1936 finibus
267 1889 654 1952 expellebantur.
710 1887 863 1951 Saepe
895 1887 1055 1936 exsilii
1088 1905 1274 1951 poena,
1303 1905 1366 1935 ne
1393 1887 1583 1935 scilicet
1605 1906 1691 1951 per

51 1972 276 2020 fraudem
300 1973 727 2031 interverteretur‚
755 1971 1012 2034 religionis
1033 1972 1446 2019 corroborabatur
1465 1973 1691 2021 obtentu.

52 2056 340 2104 Alcibiades
380 2056 536 2103 factus
575 2074 687 2104 reus
709 2093 720 2115 ,
757 2065 1011 2120 tamquam
1044 2065 1216 2103 auctor
1253 2056 1528 2104 excisarum
1563 2057 1693 2106 Her-

54 2159 274 2200 marum,
302 2142 467 2187 solum
493 2149 682 2188 vertere
707 2140 928 2203 cogitur,
959 2149 1007 2188 et
1031 2140 1271 2188 antistites
1301 2140 1547 2188 variarum
1577 2142 1693 2190 reli-

53 2222 264 2286 gionum
304 2232 556 2285 coguntur
585 2225 874 2271 damnatum
905 2224 1223 2272 Alcibiadem
1258 2224 1376 2272 diris
1412 2227 1690 2287 devovere3

56 2324 113 2353 ac
160 2315 409 2370 praeterea
453 2307 587 2354 dirae
628 2307 762 2371 ipsae
806 2310 867 2354 ad
904 2307 1201 2371 posteritatis
1244 2309 1694 2359 commonitionem

41 2390 337 2456 ‘columellis
363 2391 669 2438 inciduntur.
704 2391 992 2439 Alcibiades
1020 2391 1188 2455 (apud
1214 2390 1413 2439 Cornel.
1440 2392 1694 2457 Nepotem

46 2465 110 2525 in
130 2471 235 2538 ejus
255 2474 378 2534 vita,
409 2493 511 2537 cap.
533 2475 586 2536 4)
601 2512 612 2534 ,
634 2484 915 2539 postquam
938 2493 990 2522 se
1008 2475 1185 2539 capitis
1202 2477 1523 2537 damnatum,
1549 2480 1692 2528 bonis

114 2638 125 2660 1
162 2629 251 2668 Θεος
287 2623 457 2678 τυψασιι
490 2623 568 2669 ἑτις
605 2625 733 2665 ἓιῶοτι
769 2631 948 2677 Σικαινιᾳ
985 2642 1060 2666 ταν
1094 2642 1218 2666 otmxv
1253 2643 1319 2666 nou
1358 2625 1505 2668 τάλλοι
1538 2645 1689 2671 πάντα.

45 2697 289 2752 ΙΔοι,ι..ιιο[;ιιοι,ις
314 2709 525 2752 παραιορας
550 2689 725 2752 προξενοι
750 2711 887 2748 μινυον
913 2690 1074 2753 οἱρμοξι.
1115 2704 1250 2749 Δωμος
1270 2697 1502 2755 ακαθοιρτος
1526 2715 1574 2739 ων
1594 2719 1694 2748 octoas

59 2774 282 2817 επιχωρους.
320 2766 375 2801 Μ.
