1976 3298
708 171 791 202 DE
843 169 1127 202 MUSICA.
1671 170 1730 200 21

219 266 279 323 'E
310 264 526 321 scholiis
567 262 762 321 Caroli
804 264 1036 318 Rosinii
1079 264 1131 317 in
1175 261 1480 318 columnam
1520 263 1625 318 III.

169 379 339 441 (Vers.
361 376 436 434 43.
455 398 538 439 μην
554 370 831 442 παριςοιεθοιλ
851 374 1045 436 munem.)
1080 374 1175 421 His
1192 375 1354 422 verbis
1379 375 1555 438 procul
1580 374 1738 421 dubio

99 461 299 525 respicit
342 449 670 506 Philodemus
711 457 995 505 facultatem
1038 478 1117 509 του
1155 480 1282 509 κινειν
1307 497 1319 518 ,
1359 458 1702 505 commovendi
1726 495 1738 517 ,

0 564 7 569 ·
36 569 38 599 ς
102 563 251 612 quam
287 543 506 590 musicae
544 544 697 604 vulgo
738 541 1040 588 tribuebant.
1074 568 1133 574 -—
1158 569 1217 574 —
1274 541 1344 588 Ut
1386 550 1551 590 autem
1586 541 1738 588 trium

0 634 6 640 '
101 627 476 692 insequentium
513 626 760 674 linearum
795 625 1092 673 sententiam
1130 623 1320 671 indicio
1363 625 1500 673 vocis
1542 649 1701 684 κινησιν
1724 663 1736 685 ‚

1 704 7 709 ’
35 707 37 742 3
102 730 228 775 quae
257 712 370 758 satis
397 720 558 774 aperte
590 710 795 772 legitur,
831 709 1052 758 divinare
1087 726 1191 755 non
1228 708 1501 754 admodum
1532 708 1736 757 difficile

0 843 36 850 ,
100 795 227 856 fuit3
265 796 331 841 ita
364 795 523 841 nimio
559 797 670 858 plus
705 793 759 840 in
801 793 1010 855 singulis
1044 793 1255 841 vocibus
1291 791 1612 839 restituendis
1648 811 1741 840 nos

35 909 36 913 =
102 879 353 926 torsimus.
406 876 727 924 Difficultatis
764 885 929 924 autem
967 876 1092 924 ratio
1139 893 1196 924 ea
1232 884 1334 935 est,
1377 876 1496 940 quia
1532 875 1585 923 in
1629 877 1748 923 laci«

1 977 6 985 ²
103 962 261 1010 niosis
317 962 451 1009 hisce
510 964 859 1008 columnarum
912 960 1008 1007 oris
1063 961 1335 1008 admodum
1389 962 1516 1008 male
1560 959 1743 1006 habitis

34 1061 35 1064 ’
101 1063 275 1095 verum
314 1049 605 1093 lacunarum
639 1044 830 1092 hiatum
854 1082 865 1104 ,
907 1045 1010 1093 sive
1052 1044 1348 1093 detritorum
1378 1047 1744 1093 elementorum

0 1124 7 1129 ”
101 1147 409 1190 numerum,
457 1130 620 1177 metiri
662 1147 767 1177 non
813 1129 973 1188 licet;
1021 1129 1202 1194 quippe
1249 1128 1369 1193 quia
1418 1128 1743 1176 tenuissimae

33 1254 34 1266 ,
101 1212 394 1280 hujusmodi
426 1214 595 1278 papyri
626 1213 866 1274 laciniae,
899 1215 1021 1260 dum
1050 1213 1247 1261 tabellis
1286 1213 1744 1275 adglutinarentur‚

32 1297 34 1333 i
103 1317 240 1347 nunc
292 1308 590 1359 conrugatae
620 1335 631 1357 ,
681 1316 818 1345 nunc
857 1297 1129 1357 distentae,
1171 1297 1437 1360 pristinum
1479 1297 1747 1360 scripturae

0 1403 7 1409 ⁴
32 1368 33 1392 ἶ
103 1384 312 1429 modum
343 1399 534 1430 servare
559 1381 768 1428 minime
793 1390 1077 1444 potuerunt.
1131 1380 1301 1447 Quare
1327 1380 1492 1427 mirari
1521 1381 1745 1440 desines,

31 1472 33 1483 ⁴
103 1466 143 1513 si
177 1466 231 1513 in
258 1465 415 1512 tribus
442 1465 702 1528 postremis
737 1465 884 1512 lineis
914 1464 1173 1528 aliquanto
1205 1464 1413 1513 liberior
1438 1471 1610 1513 nostra
1637 1481 1748 1529 sup-

1 1543 8 1549 ”
103 1550 275 1614 plendi
301 1550 426 1598 ratio
456 1550 696 1599 videatur.

472 1672 530 1724 E
563 1668 781 1724 scholiis
820 1669 874 1724 in
916 1668 1222 1724 columnam
1263 1671 1371 1725 IV.

170 1781 340 1844 (Vers.
368 1799 408 1828 1.
434 1793 567 1850 αλλῳ
596 1781 770 1851 τοπῳ.)
800 1780 864 1826 Η.
886 1798 926 1828 e.
955 1799 983 1827 a
1008 1783 1244 1828 columna
1265 1781 1370 1830 VII
1395 1796 1556 1844 usque
1585 1781 1645 1827 ad
1670 1779 1716 1826 X
1735 1816 1747 1837 9

103 1865 192 1912 ubi
234 1883 343 1913 eam
386 1864 733 1929 quaestionem
775 1865 956 1927 agitat,
1003 1882 1067 1912 an
1116 1863 1307 1911 musica
1349 1863 1398 1912 vi
1444 1885 1642 1924 κινητικῃ
1687 1863 1749 1909 sit

104 1949 325 2014 praedita
343 1947 363 1995 ?

172 2034 264 2096 (V.
289 2049 328 2078 2-
368 2054 467 2101 περι
493 2054 632 2086 ‘romu
664 2055 746 2093 της
770 2055 848 2087 του
877 2045 1006 2086 Θειου
1025 2033 1209 2098 τιμης-)
1249 2033 1372 2080 Duo
1395 2049 1501 2081 esse
1531 2023 1747 2079 mUSiOES

107 2116 302 2176 officia,
338 2117 405 2164 ait
436 2116 753 2164 Plutarchus
791 2119 844 2165 in
876 2128 931 2166 tr.
974 2117 1058 2165 De
1088 2117 1320 2176 musica,
1350 2135 1456 2181 pag.
1495 2115 1645 2176 1146,
1676 2116 1749 2163 ni-

103 2202 289 2250 mirum
309 2210 495 2263 gratam
518 2204 782 2249 adversum
806 2202 943 2251 Deos
969 2202 1449 2260 remunerationem,
1477 2209 1526 2249 et
1548 2218 1721 2265 puram
1736 2237 1747 2259 ,

106 2286 409 2333 concinnam
446 2285 644 2350 sibique
678 2287 1066 2335 convenientem
1097 2285 1523 2334 constitutionem.
1578 2285 1746 2331 Ambo

1 2386 6 2396 ·
34 2388 35 2392 ’
105 2377 271 2416 autem
303 2370 424 2416 haec
451 2387 660 2417 munera
688 2391 769 2429 την
799 2366 1055 2432 παιδευσιν,
1090 2369 1354 2417 hominum
1382 2369 1747 2416 institucionem

104 2454 378 2516 generatim
417 2454 780 2518 respiciebant3
819 2455 1015 2519 itaque,
1051 2472 1166 2502 cum
1189 2454 1410 2503 musicae
1439 2475 1493 2506 το
1526 2447 1748 2503 madenam

105 2538 410 2597 tribuerent,
460 2546 730 2603 utrumque
777 2539 1140 2601 intelligebant.
1204 2539 1401 2587 Exinde
1444 2544 1576 2601 patet
1599 2573 1610 2595 ,
1660 2553 1748 2582 cur

107 2618 315 2680 Noster,
345 2640 462 2668 cum
493 2624 554 2670 de
581 2623 773 2671 musica
803 2619 1068 2685 παιδευτικῃ
1097 2624 1250 2673 verba
1273 2623 1495 2679 fecisset,
1527 2622 1587 2668 de
1609 2619 1749 2668 Divi-

106 2704 260 2753 nitate
290 2707 438 2755 etiam
460 2724 548 2772 per
578 2708 824 2758 musicam
852 2711 1063 2761 colenda
1094 2709 1190 2758 sibi
1217 2707 1563 2762 disserendum
1596 2705 1747 2754 fuisse

109 2790 336 2838 adstruat.
