1976 3298
630 236 714 266 DE
774 235 1064 269 MUSICA.
1369 239 1387 254 ·
1613 222 1674 271 15

39 342 177 376 more
201 323 419 372 inclusit.
458 320 600 388 Quid
622 320 741 368 huic
767 328 1027 384 σφαλμοιτ,
1055 320 1370 372 occasionem
1386 320 1676 385 praebuisse

38 418 208 475 putaS,
248 407 348 456 nisi
384 406 472 454 illa
513 399 756 469 particula
791 425 865 455 κοιι
901 403 980 450 bis
1023 405 1184 467 posita
1217 413 1329 468 post
1363 405 1490 461 bina·
1524 407 1677 454 verba

38 492 266 539 similiter
289 489 541 548 cadentia,
570 490 617 534 h.
645 505 685 536 e.
716 487 878 551 primo
908 496 1019 550 post
1046 484 1394 554 τεξετιζομενα,
1422 507 1539 535 mox
1564 499 1679 553 post

38 571 391 643 περιγινομενοιῖ)
419 571 624 620 Etenim
648 573 730 620 vel
758 571 863 634 ipse
889 570 1167 633 scriptitans
1192 570 1422 618 librarius
1440 609 1451 631 ‚
1481 575 1562 620 vel
1583 572 1676 637 qui

40 657 310 706 dormitans
341 655 635 720 scriptitanti
665 654 898 714 dictaret,
928 655 1014 702 sed
1042 654 1170 701 alius
1201 663 1332 702 certe
1356 655 1417 700 ab
1447 666 1675 717 auctore,

37 749 319 790 recurrente
351 739 505 786 simili
538 738 676 787 vocis
715 737 996 786 desinentia
1027 760 1192 801 ομενοι,
1222 739 1498 803 eademque
1534 740 1679 802 parti-

40 826 153 873 cula
184 847 258 875 nm
288 823 575 888 insequenti
612 824 847 885 deceptus
868 857 880 880 ,
919 821 1102 868 iterum
1137 820 1354 884 primum
1390 843 1549 885 κομμα
1586 843 1678 887 pro

41 909 263 956 secundo
299 907 514 970 accepit,
547 906 783 970 idemque
814 904 1078 967 rescripsit.
1122 905 1183 951 In
1212 907 1477 954 columnae
1503 900 1678 959 XXIV

40 1008 187 1040 versu
209 1009 226 1037 1
243 1009 260 1037 1
279 999 328 1038 et
351 1008 366 1037 1
383 1007 434 1050 2,
463 989 654 1054 scripsit
669 988 900 1036 librarius
919 997 1114 1041 ΕΝΙΩΝ
1136 998 1460 1041 ΎΠΟΛΗΨῙΝ
1479 1000 1678 1045 ΕΝΙΩΝ

38 1085 200 1129 EINAI
223 1074 587 1137 (quorundam
611 1072 900 1136 opinionem
928 1090 1031 1119 esse
1044 1073 1077 1136 ).
1117 1072 1369 1121 Nimirum
1396 1083 1506 1137 post
1526 1076 1679 1124 verba

38 1182 156 1210 ενιων
190 1156 418 1218 ὑποληψιν
455 1167 528 1206 est
564 1157 837 1222 adscripta,
876 1157 1034 1204 immo
1069 1174 1188 1205 vero
1224 1175 1313 1221 per
1344 1157 1447 1205 vim
1487 1158 1680 1206 intrusa

37 1241 218 1289 iterum
237 1280 248 1301 ,
276 1260 375 1290 vox
398 1265 528 1293 ενιων.
559 1242 698 1289 Patet
725 1240 860 1289 enim
885 1258 945 1289 ex
957 1248 1245 1311 αυτογξοιφῳ
1262 1241 1508 1306 principio
1525 1265 1680 1308 ςοιχομ

41 1325 246 1373 desiisse
277 1326 330 1373 in
365 1349 430 1385 ες,
459 1336 509 1374 et
536 1326 848 1389 subsequens
885 1343 912 1372 a
940 1325 1131 1390 syllaba
1168 1336 1272 1378 NAI
1308 1326 1581 1390 incepisse,
1622 1335 1681 1375 ut

39 1408 310 1470 legendum
343 1409 469 1456 foret
502 1431 607 1459 etum
636 1429 646 1458 z
682 1426 799 1454 mox
834 1425 954 1457 vero
993 1408 1124 1455 illud
1153 1408 1369 1472 primum
1400 1421 1419 1463 Ι
1453 1412 1515 1457 ad
1544 1409 1683 1459 effin-

38 1493 259 1553 gendum
294 1502 336 1544 N
375 1501 448 1539 est
480 1493 917 1539 adcommodatum
938 1529 950 1552 ,
985 1493 1164 1539 additis
1195 1493 1250 1540 in
1283 1493 1384 1542 fine
1418 1495 1553 1542 binis
1579 1499 1682 1545 ele-

41 1576 224 1623 mentis
245 1586 366 1636 RN,
393 1584 440 1624 et
460 1576 789 1640 superscripto
812 1587 830 1627 I
849 1595 860 1633 ;
888 1576 942 1623 in
967 1577 1214 1641 principio
1239 1588 1405 1627 autem
1423 1580 1679 1644 sequentis

41 1677 212 1707 versus
246 1657 437 1723 adpicta
468 1669 585 1707 sunt
610 1672 664 1713 EI
683 1697 694 1719 ,
720 1669 775 1707 ut
803 1660 900 1722 legi
932 1661 1087 1724 possit
1116 1685 1238 1713 ενιων
1268 1685 1388 1714 mou.
1433 1663 1529 1712 Sed
1553 1665 1681 1729 quid

41 1745 251 1793 monstri
296 1754 397 1804 est,
446 1768 562 1796 ενιων
600 1742 831 1804 ὑποληψιν
868 1767 986 1796 ενιων
1026 1743 1183 1796 mou?
1228 1746 1514 1809 Repetitum
1548 1749 1682 1797 illud.

41 1853 160 1882 ενιων
181 1829 329 1876 nihili
361 1828 584 1893 profecto
615 1837 701 1876 est.
747 1828 904 1892 Atqui
930 1846 1036 1876 non
1065 1829 1255 1877 librarii
1283 1830 1679 1893 abalienatione,

41 1916 129 1962 sed
160 1913 315 1977 ipsius
347 1913 514 1960 studio
543 1912 666 1960 illuc
701 1912 966 1976 inrepsisse
987 1949 999 1972 ,
1034 1921 1180 1976 patet.
1239 1913 1504 1981 Quaenam
1527 1915 1680 1978 igitur

42 1997 233 2045 errandi
263 1997 402 2059 origo
439 1994 460 2043 Ρ
495 1997 604 2058 Ego
629 1997 837 2061 quidem
870 2007 883 2029 1
916 2005 1070 2044 totam
1096 1999 1224 2044 hanc
1249 2020 1462 2066 ”8610962721
1486 2019 1592 2048 non
1615 2002 1679 2048 ab

44 2089 326 2151 αυτογςοιφῳ
359 2081 513 2129 fuisse
545 2081 872 2144 descriptam,
906 2082 993 2129 sed
1031 2081 1093 2128 ab
1137 2089 1337 2130 auctore
1381 2082 1488 2145 ipso
1525 2085 1679 2132 dicta-

45 2173 140 2213 tam
171 2183 295 2213 reor.
341 2165 471 2213 Cum
506 2165 643 2212 enim
679 2165 767 2212 ille
799 2163 1017 2229 primurn
1048 2165 1280 2213 dictasset
1308 2189 1425 2217 ενιων
1448 2164 1679 2233 ammaim

47 2272 176 2310 mou,
201 2251 370 2297 denuo
388 2286 399 2308 ,
421 2249 496 2296 uti
523 2248 579 2295 fit
596 2286 608 2308 ,
633 2250 807 2296 eadem
827 2249 981 2298 verba
997 2249 1281 2309 inculcanS,
1308 2246 1535 2314 ὑποληψιν
1560 2275 1680 2304 ενιων

49 2356 147 2386 mou
174 2334 373 2382 inverso
407 2333 780 2396 aliquantulum
817 2334 1017 2393 ordine,
1056 2341 1229 2397 utpote
1260 2333 1350 2398 qui
1375 2351 1435 2383 ex
1456 2342 1682 2401 tempore

50 2418 281 2477 dictaret,
318 2418 540 2481 protulit.
586 2417 720 2464 Tum
749 2434 869 2465 vero
901 2416 1015 2465 satis
1047 2417 1307 2481 imperitus
1328 2455 1340 2479 ,
1376 2419 1465 2484 qui
1499 2421 1679 2468 dictata

51 2503 219 2551 sedula
254 2519 370 2549 aure
390 2539 401 2561 ,
442 2503 530 2549 sed
563 2503 712 2550 surda
745 2509 942 2561 mente,
973 2502 1245 2566 exciperet,
1292 2503 1456 2551 statim
1488 2501 1679 2552 effinxit

54 2584 266 2645 Ι’Πτοληψιν
305 2610 423 2637 ενιων
451 2608 588 2646 savona,
626 2586 801 2634 relicto
836 2594 1004 2634 tamen
1040 2587 1355 2635 antecedenti
1386 2611 1521 2638 emm.
1573 2588 1682 2656 Qui

0 2672 2 2679 ⁸
55 2678 210 2717 autem
246 2670 430 2718 fuerint
468 2669 550 2717 isti
588 2693 715 2730 ενιοι,
750 2670 1071 2732 ignoramu33
1103 2672 1190 2718 sed
1226 2673 1402 2734 procul
1438 2671 1596 2718 dubio
1625 2672 1680 2720 in

97 2864 116 2893 i
145 2852 343 2899 Rosinius,
366 2865 452 2904 pag.
486 2860 566 2899 104Δ
