1976 3298
250 188 311 223 :12
695 187 1076 221 PHILODEMI
1128 187 1328 220 LIBER
1382 187 1452 220 :tv

247 295 411 338 μωτων
442 294 543 341 negt
582 276 842 343 §mogum-3
879 272 934 319 in
972 271 1032 319 iis
1066 273 1202 320 enim
1234 282 1370 320 totus
1405 280 1510 330 est,
1553 280 1611 319 ut
1642 271 1896 337 inquirat,

245 376 309 405 an
335 357 611 420 sophistica
641 357 856 404 dicenda
883 356 944 404 sit
970 373 1058 403 ars
1088 356 1364 404 Rhetorica
1391 377 1406 402 :
1443 373 1572 420 quae
1605 373 1722 405 sane
1749 377 1899 422 quae-

245 443 342 490 stio
391 460 496 489 uon
541 441 638 488 nisi
682 443 830 504 longe
873 442 1220 490 tractationem
1264 443 1325 490 de
1373 441 1642 489 Rhetorica
1682 442 1895 506 respicit.

241 526 441 573 Eodem
476 525 629 587 igitur
659 535 805 589 pacto
845 526 1121 589 arguiniuS‚
1163 535 1354 590 praeter
1389 528 1555 589 plures
1594 525 1749 572 libros
1788 547 1890 594 nega

243 632 481 672 μουσικῆς,
505 608 653 656 etiam
679 631 747 661 τοι
777 607 1094 673 ὗπομυηματα
1117 631 1217 677 περι
1250 632 1486 673 'nouo-tnnc,
1515 608 1898 656 Commentaria

242 694 303 740 de
324 693 533 740 Musica
552 694 850 758 scriptitasse
865 731 876 752 ,
902 695 955 741 in
980 694 1165 758 quibus
1188 711 1270 742 eas
1297 694 1528 757 agitasset
1549 693 1897 757 quaestiones,

244 796 374 842 quae
417 779 575 826 veluti
619 778 993 842 praeliminares
1046 787 1096 826 et
1126 778 1402 825 cardinales
1441 778 1635 837 forent,
1683 786 1732 825 et
1771 795 1896 842 quas

240 863 399 927 probe
437 865 680 910 resolutas
726 871 975 926 oporteret
1014 863 1075 909 ad
1119 862 1274 909 libros
1322 863 1381 908 de
1425 862 1633 910 Musica
1670 862 1858 910 adferre
1882 882 1895 909 ε

242 947 407 1010 qualis
451 964 631 1010 nempe
671 947 766 994 ista
807 955 878 995 est
922 946 1150 1010 quaestio
1176 983 1188 1005 ‚
1234 965 1388 1012 quam
1423 946 1656 1009 indigitat
1703 946 1759 994 in
1799 948 1896 993 col.

239 1030 425 1079 XXIV
442 1068 454 1089 ⁷
490 1030 540 1076 in
579 1030 727 1077 lertio
758 1030 1229 1097 Hypomnemacum
1261 1039 1612 1094 pertractasse,
1646 1031 1694 1078 h.
1735 1047 1777 1079 e.
1814 1030 1900 1078 An

233 1114 472 1162 -Musieae
504 1115 729 1162 studium
766 1116 828 1161 ad
867 1114 1075 1162 virtutes
1111 1116 1467 1179 comparandas
1500 1114 1634 1164 viam
1667 1111 1896 1162 sternat?

241 1198 424 1262 Qualis
462 1208 535 1246 est
567 1208 613 1246 et
650 1198 779 1255 alia,
816 1216 969 1262 quam
1006 1197 1058 1244 in
1098 1198 1320 1247 seeundo
1356 1215 1532 1246 eorum
1573 1198 1897 1246 Commenta-

236 1300 428 1331 norum
464 1283 671 1345 agitasse
716 1282 889 1328 scribit
933 1284 1028 1328 col.
1066 1281 1328 1331 XXXIV:
1377 1281 1482 1329 Cur
1523 1282 1586 1328 ab
1618 1281 1894 1330 Athenien-

237 1367 377 1414 sibus
401 1367 710 1432 reliquisque
750 1366 954 1414 Graecis
981 1365 1201 1413 maximo
1235 1366 1291 1413 in
1320 1365 1513 1413 honore
1544 1364 1714 1413 habita
1744 1364 1895 1413 fuerit

233 1451 437 1498 .Musica
466 1449 487 1496 ?

305 1535 489 1582 Nullus
533 1536 594 1583 de
637 1535 860 1583 musicae
901 1535 1015 1582 artis
1059 1534 1333 1598 praeceptis
1386 1533 1441 1581 in
1487 1535 1585 1581 hoc
1627 1532 1892 1582 volumine

234 1633 413 1682 quartu
439 1638 656 1677 *sci-11103
695 1621 782 1667 sed
823 1628 956 1666 totus
994 1628 1067 1667 est
1100 1617 1432 1665 Philodemus
1472 1618 1526 1664 in
1564 1618 1794 1680 agitanda
1830 1633 1889 1664 ea

232 1703 566 1766 quaestione,
603 1707 729 1750 num
764 1703 956 1749 musica
998 1703 1146 1749 laude
1185 1702 1384 1765 potius,
1426 1719 1490 1748 an
1529 1701 1779 1764 vituperio
1826 1700 1891 1748 sit

231 1788 382 1848 digua
421 1784 441 1833 ?
488 1799 536 1834 et
572 1805 695 1834 num
740 1787 866 1834 adeo
908 1786 1049 1833 utilis
1095 1802 1202 1834 esse
1231 1785 1408 1850 xpossit
1444 1783 1465 1831 ?
1513 1803 1576 1832 an
1613 1785 1781 1849 potius
1827 1784 1890 1833 sit

230 1871 513 1935 periculosa
556 1880 605 1919 et
638 1888 725 1934 per
763 1888 814 1918 se
849 1870 956 1933 ipsa
994 1871 1055 1917 ad
1091 1868 1332 1917 mirificos
1375 1869 1640 1933 pariendos
1684 1870 1887 1917 effectus

230 1956 401 2018 inepta
445 1953 464 2001 Ρ
516 1954 686 2020 Quam
723 1955 931 2018 quidem
973 1956 1178 2001 alteram
1223 1953 1520 2017 opinionem
1560 1961 1730 2002 tuetur
1772 1952 1888 2002 heic

229 2038 416 2087 Noster
437 2076 448 2095 ‚
483 2056 509 2086 e
547 2056 666 2086 suae
700 2052 861 2086 sectae
896 2038 1107 2102 placitis.

297 2124 374 2170 Ex
403 2132 511 2170 toto
543 2134 709 2170 autem
743 2121 1034 2169 Philodemi
1066 2131 1304 2170 contextu
1336 2122 1565 2184 adparet,-
1596 2121 1659 2168 ab
1690 2137 1754 2169 eo
1783 2138 1889 2169 cer-

229 2217 337 2256 tum
359 2210 629 2272 quemdam
652 2207 853 2255 alterius
879 2207 1154 2255 sententiae
1175 2206 1595 2275 patrocinatoren}
1618 2205 1670 2251 in
1694 2214 1886 2268 quarto

230 2293 329 2340 hoc
375 2292 636 2340 volumine
684 2291 1004 2354 oppugnari,
1050 2290 1155 2337 scil.
1201 2289 1492 2360 Diogenem
1536 2288 1888 2336 Seleucensem

232 2377 336 2425 sive
376 2375 748 2444 Babylonium,
788 2377 1046 2436 Stoicum,
1087 2393 1239 2441 quem
1277 2375 1508 2425 nominat
1547 2376 1643 2421 col.
1679 2374 1802 2420 XXI
1838 2381 1888 2422 et

229 2460 407 2507 XXIII
430 2498 442 2519 ,
467 2471 515 2509 et
537 2461 624 2526 qui
652 2478 757 2508 non
782 2464 943 2508 inulto
969 2470 1084 2508 ante
1102 2459 1460 2506 Plzilodemam
1481 2458 1679 2519 floruit,
1708 2475 1887 2523 quem-

231 2561 329 2608 que
357 2564 470 2594 cum
501 2546 693 2594 honore
723 2545 938 2596 citarunt
971 2544 1197 2604 Tullius,
1227 2544 1638 2606 Quinc-cilianus,
1668 2543 1885 2603 Seneca,
1925 2568 1929 2572 ·

232 2627 456 2688 Gellius,
486 2631 588 2678 alii.
639 2631 716 2680 De.
751 2648 811 2679 eo
844 2629 1086 2677 Laertius
1111 2631 1167 2678 in
1194 2629 1372 2694 Cynici
1395 2624 1670 2698 Diogenis,
1697 2637 1747 2677 et
1771 2630 1887 2692 plu-

229 2713 326 2762 ries
364 2714 416 2761 in
456 2715 670 2762 Zenonis
710 2715 831 2764 vita.
885 2715 1135 2763 Novimus
1172 2733 1199 2762 a
1234 2714 1405 2761 Stoico
1441 2714 1605 2761 isthoc
1641 2711 1879 2783 Diogene

228 2797 416 2848 librum
448 2800 601 2850 fuisse
637 2800 1006 2866 conscriptum,
1040 2800 1122 2850 cui
1158 2799 1336 2848 titulus
1380 2820 1480 2867 περι
1517 2805 1666 2863 φωνῆς
1702 2818 1882 2862 ‘texum
