1976 3298
720 151 805 183 DE
865 149 1156 184 MUSICA.
1707 133 1765 180 13

107 240 232 310 qui,
260 246 318 289 ut
343 238 615 290 verisimile
635 246 736 297 est,
765 239 825 285 de
844 238 1041 284 Musica
1067 236 1192 299 agit,
1217 232 1424 301 ejusque
1446 232 1764 282 mirabilibus

121 325 392 376 effectibus.
443 325 562 371 Duo
603 330 768 371 autem
807 322 945 369 suere
975 321 1089 368 libri
1125 320 1410 368 Stoicorum
1444 340 1544 386 περι
1584 327 1764 380 φωνῆς,

120 411 243 457 alter
257 408 537 479 Diogenis,
562 405 870 454 Archedemi
887 408 1032 464 alter,
1055 406 1117 451 ab
1142 406 1320 452 eodem
1344 404 1545 452 Laertio
1570 403 1763 450 citatus.

186 492 524 557 Reprehendit
562 490 891 538 Philodemus
938 489 1094 536 alium
1136 487 1361 535 Stoicum
1406 488 1548 550 (col.
1588 487 1764 549 XIV)

119 574 423 636 Persaeum‚
444 576 597 639 patria
613 575 964 623 Heracleotem
980 610 991 632 ‚
1018 575 1079 620 de
1103 590 1207 636 quo
1220 570 1458 618 Laertius
1477 573 1530 619 in
1543 570 1762 618 Zenonis

111 660 241 719 vita,
271 660 385 708 Lib.
409 661 536 719 VII,
566 678 717 723 segm.
739 658 816 706 36.
868 660 1004 706 Inter
1025 655 1174 723 hujus
1202 656 1358 703 libros
1386 673 1519 702 unus
1547 666 1643 714 est,
1678 655 1763 703 cui

115 746 293 792 titulus
333 765 434 811 πεςι
475 765 648 812 εςωτων
670 782 682 804 ,
725 744 786 790 de
824 741 1113 789 Amoribus.
1179 739 1376 787 Stoicus
1413 740 1474 787 de
1509 740 1760 786 amatoriis

113 829 263 875 rebus
286 827 530 876 disserens
551 865 563 887 ⁷
592 836 640 875 et
668 844 893 891 quasque
919 843 996 873 res
1026 824 1129 872 suis
1158 824 1455 875 nominibus
1485 841 1575 887 pro
1600 823 1762 870 stoica

112 910 340 959 libertate
372 913 519 959 nullo
544 912 738 975 pudore
776 912 1062 974 adpellanS,
1097 926 1260 956 mores
1295 924 1413 956 sane
1442 905 1762 971 corrumpere

107 995 270 1056 magis
311 995 492 1055 etiam,
534 1014 686 1059 quam
726 996 1003 1041 Anacreon
1048 1002 1097 1042 et
1134 991 1350 1060 Ibycus,
1381 1001 1587 1056 poterat.
1638 991 1761 1039 Jure

107 1077 260 1140 igitur
277 1078 459 1127 Noster
484 1078 834 1143 pronunciavit
853 1099 864 1125 ε
889 1100 963 1129 nou
981 1098 1075 1145 Ὑοις
1093 1074 1128 1128 οἳ
1147 1087 1366 1145 Πεςσοιιος
1387 1077 1566 1141 ονοματ’
1596 1089 1760 1138 ελεγε,

108 1182 285 1214 ‘rom-oss
313 1165 571 1231 εθςυπτεν,
598 1181 730 1226 quae
754 1161 1009 1210 Persaeus
1037 1161 1289 1209 vocabula
1315 1159 1604 1225 usurpavit,
1635 1159 1760 1223 ipsis

96 1245 419 1308 juventutem
450 1247 709 1310 conrupic.

177 1326 456 1393 Σχεὸιοισμα
486 1332 643 1379 hocce
678 1330 1008 1378 Philodemus
1036 1331 1092 1378 in
1121 1329 1408 1378 auditorum
1441 1347 1676 1390 suorum,
1710 1336 1760 1377 et

110 1414 314 1461 fortasse
348 1413 401 1461 in
436 1414 592 1479 ipsius
625 1415 823 1462 Pisonis
859 1415 952 1463 filii
973 1451 985 1473 ,
1021 1432 1171 1462 usum
1209 1414 1548 1462 concinnavit.
1599 1413 1759 1461 Exce-

106 1497 237 1561 pisse
260 1506 426 1546 autem
450 1516 510 1546 ex
532 1516 616 1547 ore
638 1498 870 1545 dictantis
891 1497 1181 1545 Philodemi
1206 1500 1398 1545 calamo
1419 1500 1502 1546 vel
1521 1497 1760 1545 Pisonem

111 1580 303 1644 ipsum,
335 1584 417 1631 vel
446 1582 612 1646 potius
646 1600 674 1630 a
703 1573 856 1630 manu
892 1582 1115 1647 aliquem
1145 1580 1252 1649 ejus
1284 1599 1513 1642 servum,
1546 1581 1634 1647 qui
1663 1599 1779 1634 nec*

111 1683 318 1728 graecus
371 1668 526 1714 homo
561 1676 574 1698 ¹
599 1703 611 1726 ,
660 1683 755 1715 nec
803 1666 918 1722 satis
959 1669 1188 1745 excultus
1243 1675 1291 1716 et
1338 1669 1540 1729 elegans
1591 1667 1719 1714 soret
1744 1702 1760 1726 ‚

104 1759 240 1814 patet
278 1768 339 1798 ex
370 1751 550 1799 libello
582 1750 690 1814 ipso
729 1750 1061 1799 festinationis
1097 1752 1249 1814 pleno
1273 1787 1285 1810 ,
1327 1759 1376 1798 et
1411 1751 1723 1799 inconcinno
1743 1786 1757 1810 ,

105 1834 160 1882 in
198 1854 300 1899 quo
344 1835 531 1883 nullibi
572 1835 800 1883 invenias
842 1852 953 1882 eam
992 1834 1326 1896 elegantiam,
1368 1853 1522 1898 quam
1563 1834 1619 1881 in
1660 1835 1757 1881 hoc

105 1920 342 1983 scriptore
375 1936 490 1983 prae
520 1919 728 1984 reliquis
758 1918 1021 1982 Epicureis
1054 1918 1276 1965 laudavit
1314 1917 1532 1965 Tullius.
1580 1918 1759 1966 Libra-

109 2004 213 2052 rius
254 2003 543 2051 Plzilodemi
582 2006 742 2051 multa
784 2003 1008 2068 peccavit
1051 2003 1252 2050 inscitia
1277 2040 1289 2061 ‚
1340 2006 1501 2050 multa
1555 2004 1754 2052 aurium

104 2089 414 2137 hebetudine
433 2125 445 2148 ‚
475 2090 635 2136 multa
662 2087 812 2152 etiam
852 2090 1119 2135 oculorum
1151 2088 1566 2136 hallucinatione.
1623 2087 1755 2136 Nam

106 2172 308 2221 aliunde
339 2173 484 2220 certis
507 2181 701 2221 constat
727 2172 927 2220 indiciis
953 2173 1050 2220 hoc
1077 2175 1322 2221 volumen
1346 2172 1552 2236 partim,
1583 2173 1757 2238 aliquo

104 2257 346 2315 dictante,
372 2265 633 2319 exceptum
647 2293 658 2315 ,
679 2256 857 2319 partim
875 2275 936 2305 ex
959 2264 1248 2325 αυτογςαφῳ
1267 2256 1568 2321 exscriptum
1587 2257 1756 2306 fuisse.

105 2340 266 2403 (Vid.
295 2343 389 2387 col.
424 2341 531 2400 IV,
570 2341 633 2387 ad
659 2357 860 2388 versum
898 2340 982 2399 13,
1023 2350 1073 2389 et
1103 2342 1198 2388 col.
1228 2340 1303 2399 V,
1338 2342 1400 2387 ad
1429 2359 1474 2390 v.
1507 2340 1618 2403 12.)
1673 2341 1760 2388 Sic.

105 2426 256 2475 etiam
295 2434 468 2490 postea
501 2425 556 2474 in
581 2428 820 2473 columna
855 2424 951 2471 XX
971 2461 983 2485 ,
1015 2442 1163 2474 versu
1187 2424 1252 2483 34
1283 2434 1332 2473 et
1368 2425 1429 2473 35
1448 2462 1460 2486 ,
1492 2426 1645 2474 verba
1679 2447 1755 2476 κοιι

161 2643 173 2665 1
214 2631 298 2667 Col.
323 2632 402 2676 IV,
430 2644 468 2667 v.
495 2631 540 2677 6,
564 2632 729 2679 scripsit
758 2628 938 2679 Myso-3¹50
962 2643 1036 2681 pro
1068 2637 1250 2680 λεγεστω.
1279 2631 1447 2668 Scribae
1487 2631 1751 2667 oscitantiam

99 2700 278 2749 egregius
304 2701 507 2750 interpres
527 2701 647 2746 hujus
670 2700 978 2738 schediasmatis
1001 2702 1215 2751 Epicurei,
1243 2700 1408 2738 Carolus
1428 2701 1606 2737 Rosinius
1621 2698 1751 2754 (nunc

98 2766 377 2820 Episcopus),
403 2772 455 2808 ab
482 2770 583 2819 ovd,
610 2775 655 2809 ut
683 2771 827 2819 aiunt,
856 2771 907 2809 ad
932 2772 1085 2818 malum
1116 2783 1243 2823 usque
1274 2776 1464 2822 expertus
1497 2776 1567 2810 est.
