1976 3298
281 157 346 203 40
567 154 964 189 EXPLICATIO
1011 155 1353 187 LAMELLAE
1394 157 1650 190 AENEAE

281 260 437 292 aenea
475 243 675 290 lamella
716 241 927 288 litterata
951 277 963 300 ‚
1005 257 1133 304 quae
1178 259 1316 288 nunc
1358 251 1432 289 est
1473 242 1527 289 in
1572 242 1709 305 regio
1749 261 1926 293 museo

281 325 651 375 Herculanensi
678 324 906 388 reposita.
943 323 1017 370 Ea
1048 324 1199 373 ferme
1229 342 1314 372 sex
1340 324 1507 387 digitis
1534 335 1666 389 patet
1691 326 1745 373 in
1768 328 1928 390 longi-

277 411 508 458 tudinem
530 446 541 468 ,
573 409 744 472 paullo
778 408 945 455 minus
979 408 1034 455 in
1065 409 1383 456 latitudinem
1407 446 1418 468 ‚
1456 411 1581 457 adeo
1609 427 1727 458 vero
1754 411 1925 472 exilis,

277 504 335 542 ut
379 496 575 541 chartae
614 492 778 554 regiae
826 492 1206 540 crassitudinem
1246 493 1330 540 vix
1371 502 1643 556 exsuperet.
1705 493 1926 544 Litterae

276 595 424 642 porro
461 594 565 624 non
592 586 708 624 sunt
732 576 948 624 viriculo
982 585 1203 624 exaratae
1223 613 1234 634 ,
1271 577 1358 623 sed
1385 579 1577 641 scalpro
1609 587 1619 609 ¹
1646 593 1924 641 percussae.

275 662 358 709 Ibi
412 661 541 710 inter
599 661 696 708 alia
750 661 872 708 citra
926 662 1084 707 ullam
1133 659 1510 722 ambiguitatem
1556 662 1678 708 haec
1732 661 1924 724 signata

275 754 563 810 comparent
583 766 594 792 ε

373 856 662 902 ANIAPIZEI
697 854 970 899 KOAATPA
1008 854 1143 896 ΤΑΙΣ
1175 853 1519 896 ΠΡΟΠΟΛΟΙΣ
1554 853 1669 896 ΤΑΣ
1703 852 1838 897 ΘΕΩ
1867 809 1876 829 ‘

374 941 500 984 ΤΩΣ
539 941 661 983 ΤΡΙΣ
697 939 966 982 ΧΡΥΣΕΩΣ
1004 938 1130 980 ΤΩΣ
1162 937 1350 980 ΕΛΑΒΕ
1388 938 1618 980 ΜΕΛΙΤΑ

373 1026 472 1069 KAI
507 1025 625 1068 OTK
660 1022 1030 1071 ΑΠΟΔΙΔΩΤΙ,
1070 1020 1161 1059 etc.

332 1200 344 1220 1
378 1184 489 1220 Italis
509 1185 569 1219 col
588 1195 782 1232 punaone,
805 1182 1008 1231 punzello‚
1024 1183 1267 1231 punzeffino,
1290 1182 1415 1218 Gallis
1431 1184 1610 1231 poincon.
1641 1182 1771 1229 Quam
1787 1194 1917 1230 prope

270 1261 429 1291 veteres
467 1252 681 1289 abfuerint
717 1264 739 1287 a
780 1257 919 1287 nostra
947 1257 1034 1288 arte
1069 1251 1432 1300 chalcographica‚
1469 1251 1625 1287 clarum
1659 1251 1731 1287 fiet
1764 1252 1918 1301 perspi-

272 1336 474 1373 cuumque
504 1335 554 1360 ex
592 1323 641 1358 iis
671 1334 774 1371 quae
806 1322 854 1358 cl.
883 1322 1055 1372 Ignarra
1094 1323 1187 1358 voci
1219 1324 1391 1358 ΔΙΔΟΤΙ
1423 1320 1647 1357 adnotavit.
1690 1322 1789 1358 Noti
1821 1326 1918 1357 sunt

271 1394 463 1432 crustarii
484 1393 764 1429 Romanorum
795 1388 927 1439 (Ptin.
951 1392 992 1427 L.
1019 1392 1184 1428 XXXIII
1210 1418 1219 1436 ‚
1253 1387 1344 1438 12);
1376 1397 1499 1427 notae
1525 1391 1629 1440 leges
1658 1393 1730 1427 XII
1760 1391 1917 1427 tabula-

267 1477 382 1509 rum,
408 1463 548 1500 tabula
564 1463 688 1499 Isiaca
702 1490 711 1506 ‚
733 1462 897 1499 tabulae
917 1461 1163 1497 honestarum
1187 1462 1403 1496 missionum
1419 1460 1582 1498 Claudii
1596 1467 1636 1498 et
1648 1460 1913 1509 Vespasiani,

267 1536 563 1583 Imperatorum
579 1560 589 1577 ,
614 1533 656 1569 in
679 1537 788 1568 tomo
817 1533 856 1567 V
879 1532 981 1567 della
1003 1531 1210 1567 Antichitc'z
1234 1531 1272 1566 di
1292 1531 1511 1574 Ercolano;
1543 1537 1640 1567 nota
1667 1537 1726 1568 est
1749 1530 1914 1566 lamella

267 1605 499 1642 orichalcea
529 1608 696 1651 paterae
725 1602 886 1638 Aurelii
919 1602 1110 1638 Cerviani
1147 1597 1219 1648 (in
1244 1599 1342 1637 Phil.
1375 1601 1609 1636 Buonarotti
1640 1600 1913 1637 osservazioni

265 1674 462 1712 istoriche
492 1672 786 1721 sopra‘alcuni
813 1670 1066 1720 Medaglioni
1089 1671 1270 1714 antichi,
1300 1669 1444 1706 Prefaz.
1476 1684 1514 1718 p.
1543 1665 1706 1717 XVII),
1735 1675 1776 1706 et
1805 1669 1912 1705 aliae

265 1748 404 1797 plures
419 1771 428 1789 ‚
449 1748 494 1779 ut
510 1742 634 1779 etiam
653 1741 824 1790 Clypeus
851 1741 1013 1776 votivus
1038 1740 1221 1777 familiae
1246 1739 1509 1776 Ardaburiae
1524 1765 1534 1784 ⁷
1554 1751 1671 1786 quem
1689 1738 1917 1775 illustravit

266 1814 493 1855 Dominicus
511 1813 717 1861 Augustus
743 1811 904 1856 Bracci,
936 1811 1114 1854 Luccae,
1147 1823 1239 1857 1771
1258 1836 1267 1853 ‚
1297 1817 1330 1853 4.
1358 1809 1400 1846 Si
1421 1809 1598 1845 artifices
1629 1809 1787 1845 litteras
1814 1808 1913 1857 figu-

267 1896 414 1933 rasque
441 1882 626 1925 inverse,
661 1880 747 1917 sive
778 1893 800 1916 a
832 1879 978 1917 dextra
1017 1891 1156 1917 versus
1190 1880 1423 1925 sinistram,
1451 1879 1538 1915 aeri
1572 1878 1840 1925 incidissent,
1872 1883 1914 1915 et

265 1952 520 2005 praeparatis
556 1951 735 1999 pellibus
774 1946 1031 2005 (ὃιφθεραις)
1062 1950 1362 1986 membranisve
1390 1949 1710 1997 impressissent‚
1739 1949 1911 1987 inventa

266 2026 350 2072 jam
380 2029 477 2059 tunc
508 2021 682 2057 fuissent
711 2032 773 2056 ars
802 2020 1139 2069 chalcographica
1177 2019 1378 2056 hodierna
1407 2025 1447 2055 et
1477 2019 1765 2067 impressiones
1794 2020 1910 2055 tabu·
1945 2051 1947 2055 .

262 2095 398 2131 larum
428 2102 670 2134 aenearum,
702 2091 764 2126 uti
792 2095 902 2126 recte
927 2089 1088 2126 indicat
1117 2089 1142 2124 1.
1175 2102 1205 2126 c.
1236 2089 1412 2126 Senator
1438 2090 1734 2126 Buonarottus:
1763 2090 1909 2125 Merita

259 2162 488 2217 particolar*
516 2162 768 2197 osservazione
799 2173 879 2195 una
913 2161 1058 2196 lamina
1082 2160 1120 2195 di
1152 2162 1306 2196 metallo
1332 2161 1479 2210 ginno,
1506 2159 1573 2195 che
1598 2159 1648 2194 ha
1681 2159 1816 2195 servito
1835 2172 1906 2209 per
1942 2167 1947 2192 ·.'

259 2240 425 2286 patera,
454 2232 666 2281 intagliata
692 2236 926 2266 rozzamente
951 2230 1053 2266 come
1084 2243 1108 2265 a
1144 2230 1298 2275 balino,
1334 2232 1373 2265 la
1401 2231 1513 2279 quale
1543 2227 1747 2277 cisarebbe
1776 2242 1907 2265 mara-

265 2306 451 2358 vignau,
479 2301 545 2337 che
567 2303 651 2352 agli
680 2301 827 2336 antichi
859 2315 937 2337 non
962 2302 1100 2337 venisse
1127 2306 1278 2336 trovata
1305 2302 1343 2336 la
1369 2306 1516 2350 stampa
1542 2301 1583 2335 in
1608 2313 1734 2345 rame,
1763 2313 1798 2335 se
1826 2312 1906 2335 non.

262 2377 295 2412 si
322 2385 462 2423 sapesse
495 2371 561 2407 che
593 2371 916 2407 ordinariamente
941 2376 1066 2420 queste
1094 2383 1176 2406 cose
1200 2371 1230 2406 si
1255 2376 1413 2405 trovano
1438 2382 1461 2405 α
1486 2382 1571 2405 caso
1605 2369 1667 2405 da'
1699 2368 1904 2404 meccanici

259 2445 351 2483 nell'
382 2443 580 2479 esercitare
609 2443 620 2476 i
658 2443 740 2477 loro
789 2443 979 2485 mestieri;
1009 2443 1165 2477 siccome
1200 2453 1224 2475 α
1250 2438 1419 2488 fortuna
1453 2452 1478 2475 a
1513 2441 1624 2476 Maso
1662 2440 1899 2489 Finiguerra

261 2515 356 2552 dall’
381 2512 571 2563 intagli07
596 2511 662 2546 che
675 2509 814 2558 facem
832 2524 900 2560 per
927 2512 954 2546 il
984 2512 1119 2554 niello,
1143 2511 1248 2545 tocco
1278 2512 1316 2545 la
1343 2514 1440 2546 sorte
1461 2508 1642 2544 d'esserne
1668 2508 1898 2545 l’inventore.

260 2585 380 2622 Plura
406 2582 456 2619 de
488 2582 563 2618 hac
588 2593 632 2617 re
659 2581 780 2616 attuli
807 2581 849 2616 in
876 2585 984 2616 tomo
1015 2583 1047 2616 II
1079 2580 1213 2617 Diarii
1238 2579 1318 2616 mei
1351 2578 1547 2616 litterarii
1578 2591 1646 2613 zur·
1667 2578 1795 2613 Kunst
1818 2579 1900 2614 und
1941 2606 1945 2614 ,

258 2654 476 2689 Litteratur
493 2679 503 2697 ,
539 2651 656 2698 1776,
689 2652 731 2695 8,
759 2662 848 2699 pag.
879 2653 948 2686 280
969 2663 1049 2699 seq.
1073 2651 1115 2685 de
1143 2655 1224 2684 arte
1251 2648 1573 2699 chalcographica
1594 2660 1709 2697 usque
1735 2648 1785 2682 ad
1807 2654 1897 2683 tem-

255 2721 531 2774 poraAlbcrti
552 2719 727 2765 Dureri,
754 2732 844 2756 cum
871 2721 952 2755 tab.
980 2732 1143 2756 aenaea.
1176 2718 1289 2765 Quae
1315 2719 1437 2755 latius
1461 2729 1686 2766 exponam,
1710 2716 1897 2765 proxime
1941 2723 1944 2747 ἓ

259 2793 538 2829 illustraturus
571 2790 706 2826 locum
734 2788 852 2826 Plinii
876 2789 967 2824 Nat.
1003 2789 1093 2825 hist.
1120 2790 1157 2825 L.
1185 2789 1361 2835 XXXV,
1391 2801 1423 2826 c.
1453 2799 1498 2834 2,
1527 2800 1548 2826 e
1573 2799 1653 2835 quo
1680 2799 1764 2824 non
1791 2785 1898 2822 nulli
