1976 3298
331 233 529 265 sPECIM.
562 232 749 264 SCRIPT.
781 232 863 263 GR.
903 232 1041 264 CURS.
1068 231 1202 265 sAEc.
1238 232 1282 262 11
1317 230 1413 263 vm,
1443 232 1525 263 111.
1678 215 1732 264 51

148 317 353 369 :Charta
377 318 498 366 haec
522 316 767 379 Borgiana
790 316 920 365 inter
941 318 1044 364 duo
1063 317 1189 365 vitra
1207 316 1489 381 crystallina
1507 324 1740 365 servatur.

108 402 353 449 Omnium
370 403 545 464 procul
571 400 728 447 dubio
752 399 904 446 unica
927 409 1024 459 est,
1048 418 1176 465 quae
1196 401 1487 465 inAegypto
1507 399 1743 447 fabricata

109 493 356 548 superest;
387 494 482 532 tres
511 485 704 547 palmos
726 500 958 531 romanos
977 492 1026 531 et
1051 485 1226 532 decem
1243 484 1417 531 uncias
1443 486 1618 546 longa,
1646 485 1745 531 lata

107 578 270 616 autem
299 587 459 615 unum
488 569 724 631 palmum.
772 567 943 615 Multo
966 566 1248 629 longiorem
1276 584 1386 620 eam
1415 565 1538 613 olim
1563 566 1715 614 fuisse
1731 603 1747 624 ,.

105 669 165 700 ex
197 652 495 700 restantibus
531 650 817 714 fragmentis
859 650 1146 713 colligitur,
1183 666 1311 714 quae
1351 649 1569 698 invicem
1602 651 1745 697 unita

88 736 474 804 “longitudinem
515 743 563 783 et
594 734 911 784 latitudinem
945 736 1221 798 palmarem
1253 731 1514 792 efficiunt,
1559 733 1751 797 quibus.

103 827 271 868 tamen
305 819 593 881 fragmentis
631 826 978 881 argumentum
1025 820 1219 865 chartae
1257 835 1364 864 non
1401 819 1528 867 dum
1560 816 1743 864 finitur,

0 898 1 923 ³
42 967 43 970 Ἰ
107 892 317 953 Chartae
342 905 482 970 color
508 902 629 968 (qui
661 902 902 949 candidus
929 902 1090 949 suerat
1120 901 1180 949 ab
1215 900 1407 962 initio)
1428 918 1565 948 nunc
1591 899 1746 948 flavus

104 995 178 1034 est
216 996 264 1035 et
295 989 539 1035 oleaceus.
593 986 942 1034 Atramentum
965 1022 977 1045 ,
1023 1002 1131 1050 quo
1162 985 1343 1050 scripta
1382 992 1456 1033 cst
1479 1020 1492 1042 ,
1535 983 1752 1034 crassius

103 1070 222 1129 fuit,
255 1070 416 1119 simile
445 1069 490 1118 ei
509 1107 522 1129 ⁷
559 1087 661 1132 quo
690 1069 951 1116 volumina
978 1068 1381 1134 Herculanensia
1401 1076 1596 1118 exarata
1615 1078 1748 1116 sunt*

107 1153 412 1212 Columnae,
442 1153 494 1200 in
527 1170 649 1217 quas
681 1155 848 1201 charta
877 1153 1130 1215 Borgiana
1153 1152 1312 1201 divisa
1345 1160 1441 1211 est,
1474 1161 1590 1201 sunt
1625 1154 1747 1203 duo—

0 1236 2 1248 '
39 1250 40 1253 ’
105 1237 269 1284 decim
299 1256 414 1284 cum
440 1237 649 1284 dimidia
668 1274 679 1296 ‚
707 1255 920 1301 quarum
953 1254 1293 1301 unaquaeque·
1319 1235 1519 1298 triginta
1547 1245 1632 1285 aut
1663 1237 1749 1284 tri-

0 1343 1 1346 ¹
103 1321 240 1383 ginta
271 1330 486 1385 quatuor
516 1338 686 1369 versus
721 1322 883 1370 habet.
932 1309 1127 1369 Harum
1158 1323 1510 1385 columnarum
1534 1320 1749 1370 latitudo

43 1394 45 1399 ⁴
103 1404 297 1451 diversa
324 1416 397 1451 est
432 1426 442 1451 ε
477 1405 635 1467 prima
665 1422 749 1452 sex
779 1404 953 1451 uncias
991 1407 1091 1452 lata
1120 1413 1217 1464 est,
1245 1405 1467 1454 secunda
1500 1413 1747 1469 quatuor3

105 1505 279 1536 omnes
317 1488 542 1552 reliquae
576 1488 729 1536 trium
768 1497 963 1536 tantum
1004 1489 1269 1539 unciarum
1310 1488 1629 1539 latitudinem
1666 1489 1751 1539 113·-

105 1573 239 1622 bent.
290 1572 386 1618 Eas
416 1572 701 1621 felicissime
730 1572 851 1635 legit
878 1575 938 1620 cl.
968 1571 1248 1621 Schowius.

159 1656 301 1723 *Ante
332 1656 542 1720 primam
578 1659 868 1704 columnam
898 1674 1113 1704 vacuum
1146 1656 1402 1723 quoddam
1431 1656 1647 1721 spatium
1677 1665 1751 1705 est

0 1743 42 1810 3¹
102 1740 368 1789 latitudine
410 1741 629 1800 unciali,
669 1758 762 1789 ceu
802 1741 1034 1789 videmus
1077 1741 1129 1787 in
1167 1741 1517 1791 voluminibus
1556 1741 1752 1789 Hercu-

0 1836 9 1844 “
39 1871 41 1875 ,
102 1826 392 1874 lanensi‘bus
422 1826 639 1888 (videat.
674 1833 843 1873 nostra
875 1826 1079 1873 'Tabula
1103 1826 1152 1872 ΙΙ
1172 1825 1221 1887 ).,
1262 1843 1391 1890 quae
1428 1826 1490 1873 ab
1531 1826 1751 1890 antiquis

0 1912 35 1941 ἶ
104 1909 253 1956 initio
292 1928 346 1956 ac
387 1909 476 1956 fini
511 1909 835 1966 voluminum
873 1909 1080 1975 adiungi
1118 1910 1378 1969 solebant,
1417 1927 1521 1973 quo
1557 1911 1752 1960 chartae

0 1996 5 2024 ἲ
32 2002 40 2045 ἶ
105 1995 335 2041 evolutae
369 1993 684 2040 commodius
714 1995 1013 2055 legerentur.

83 2090 107 2115 f·
169 2078 453 2142 Aegyptum
481 2085 538 2123 ut
568 2084 740 2124 contra
780 2075 886 2123 Nili
921 2075 1308 2128 inundationem
1344 2076 1602 2126 munirent
1623 2114 1635 2136 ‚
1677 2077 1754 2125 in-

0 2176 5 2181 '
105 2163 245 2209 colae
279 2177 472 2223 semper
498 2162 710 2207 multam
739 2160 1080 2210 adhibuerunt
1105 2160 1402 2208 industriam
1423 2198 1434 2220 ‚
1465 2170 1514 2209 et
1538 2161 1753 2208 molium

104 2245 448 2308 fossarumque
495 2252 769 2292 structurae
815 2246 983 2308 plures
1020 2261 1220 2307 operam
1257 2254 1517 2294 navarunt.
1574 2244 1756 2292 Charta

105 2328 354 2390 Borgiana
370 2365 381 2387 7
401 2327 570 2376 medio
590 2330 768 2375 saltem
784 2327 970 2376 saeculi
989 2329 1066 2374 III
1084 2329 1324 2388 anterior,
1350 2329 1574 2385 continet
1588 2332 1760 2393 plures

107 2414 356 2475 catalogos
390 2412 656 2459 hominum
676 2449 687 2472 ⁷
733 2412 821 2475 qui
857 2411 910 2458 in
946 2411 1196 2459 eiusmodi
1227 2413 1497 2476 aggeribus·
1522 2421 1572 2461 et
1610 2413 1754 2460 fossis

107 2496 293 2560 operati
314 2505 430 2544 sunt
444 2533 457 2551 ‚
471 2495 634 2545 variae
657 2495 999 2556 conditionis,
1013 2496 1268 2544 fullonum
1283 2533 1294 2557 ,
1315 2497 1584 2559 figulorum
1600 2533 1612 2555 ,
1624 2504 1755 2560 tege-

0 2594 3 2600 ·
103 2580 343 2627 tariorum
362 2617 375 2639 ,
403 2582 598 2627 olerum
624 2579 973 2639 venditorum,
1002 2598 1276 2643 agasonum
1306 2590 1354 2629 ct
1381 2598 1652 2631 servorum.
1691 2583 1751 2629 In

108 2681 165 2711 ea
186 2672 347 2728 parte,
378 2681 508 2728 quae
536 2664 726 2726 integre
756 2673 946 2712 servata
969 2672 1071 2725 est,
1102 2673 1218 2712 sunt
1244 2682 1358 2724 sex3
1393 2664 1447 2712 in
1467 2665 1753 2728 fragmentis

33 2766 49 2772 ¹·
106 2748 274 2811 plures
328 2748 478 2796 etiam
530 2757 873 2796 numerantur.
936 2750 997 2796 In
1046 2749 1209 2812 primo
1265 2751 1492 2811 catalogo
1545 2750 1757 2814 operarii

107 2840 720 2894 aggerumrecensentur,
758 2831 812 2881 in
845 2832 1048 2886 caeteris
1079 2833 1290 2898 operarii
1316 2833 1577 2893 fossarum,
