1976 3298
716 157 799 190 ΒΕ
852 156 1135 191 MUsICA.
1694 142 1756 191 33

405 269 622 332 Scholia
663 272 717 328 in
759 274 1064 329 columnam
1104 274 1463 330 XXXVII.

186 397 292 462 (V.
319 398 375 459 6,
416 417 460 462 7-
487 394 724 462 &vermem
759 422 840 463 μεν
874 399 908 450 οἳ
937 401 1198 463 Πλατων.)
1244 400 1394 448 Plato
1439 400 1553 447 satis
1589 409 1753 464 aperte

119 484 363 532 musicam
405 483 612 532 extollit.
665 483 913 547 Epicurus
954 484 1174 546 profecto
1217 485 1464 548 Pamphili
1506 485 1753 533 Platonici

119 568 318 615 auditor
357 567 490 614 Sami
535 567 722 625 suerat,
770 575 892 615 teste
930 565 1140 614 Laertio
1166 602 1178 626 ,
1226 576 1276 615 et
1323 567 1492 614 Tullio
1533 570 1595 617 de
1639 568 1750 617 Nat.

120 651 272 699 Deor.
321 649 424 698 Sed
468 650 606 697 hunc
645 649 973 697 Platonicum
1004 687 1016 710 ,
1066 650 1164 709 ait,
1211 644 1424 718 mirifice
1479 651 1751 697 contemnit

116 733 377 796 Epicurus
394 753 415 791 ;
441 733 510 780 ita
527 733 725 793 metuit,
754 752 814 779 ne
839 734 966 797 quid
991 751 1237 797 umquam
1258 732 1488 780 didicisse
1506 734 1751 782 videatur.

118 817 216 865 Sed
245 818 426 866 Noster
450 818 729 882 Epicureus
757 818 961 865 fortasse
991 818 1200 881 aequior
1225 826 1310 865 est.

182 901 282 963 (V.
321 919 395 948 21·
421 926 457 953 ει
482 901 759 964 βουλοιμεθα
789 922 1011 964 μετεχειν
1036 921 1170 953 κατα
1199 898 1381 960 πολιν.)
1412 900 1750 949 Amanuensis

112 983 284 1032 fraude
320 985 438 1032 hinc
476 984 716 1033 excidisse
759 1001 872 1032 reor
908 992 1020 1047 post
1057 1004 1278 1048 μετεχειν
1304 984 1596 1047 particulam
1629 1002 1749 1039 τωνε

111 1065 181 1112 ita
215 1067 350 1116 enim
377 1068 594 1133 syntaxis
630 1067 810 1115 melius
845 1075 1105 1115 constaret.

180 1152 201 1215 (
229 1152 291 1201 V·
339 1151 417 1198 30·
470 1145 611 1210 iydwnv
657 1175 730 1202 ουκ
787 1171 1040 1213 αναγκοιιον
1093 1173 1217 1202 emota.
1242 1149 1262 1211 )
1312 1151 1748 1218 Quandoquidem

110 1234 348 1299 Epicurei
396 1257 476 1294 την
514 1230 656 1295 ἦὸονην
694 1236 947 1282 bonorum
986 1233 1139 1283 finem
1179 1236 1547 1297 agnoscebant,
1588 1236 1750 1284 videri

111 1328 279 1384 posset
305 1320 401 1366 sibi
427 1338 532 1367 non
562 1328 785 1367 constare
817 1319 1094 1383 Epicureus
1134 1318 1338 1378 Noster,
1375 1321 1462 1384 qui
1498 1343 1579 1379 ww
1606 1317 1749 1380 ἦδονην

107 1421 214 1451 non
241 1403 569 1451 necessariam
603 1404 716 1450 heic
748 1403 913 1451 edicit.
970 1403 1127 1467 Atqui
1161 1406 1437 1451 secundum
1469 1404 1748 1468 Epicurum

108 1506 214 1536 non
254 1504 428 1535 omnes
460 1489 740 1550 voluptates
772 1487 1076 1535 necessariae
1105 1496 1249 1546 sunt,
1284 1490 1369 1535 sed
1401 1506 1486 1536 eae
1520 1498 1714 1535 tantum
1733 1525 1746 1547 ,

107 1588 195 1635 per
235 1587 356 1636 quas
395 1571 706 1618 naturalibus
754 1579 803 1618 et
840 1571 1129 1618 necessariis
1170 1571 1526 1634 cupiditatibus
1571 1591 1747 1620 occur-

106 1655 300 1714 rimus3
346 1655 517 1702 scribit
557 1655 694 1703 enim
732 1654 836 1717 ipse
877 1655 932 1701 in
981 1654 1119 1718 epist.
1159 1657 1220 1702 ad
1264 1656 1572 1704 Menoecum
1610 1659 1744 1720 apud

104 1738 404 1799 Laertium,
426 1739 512 1786 lib.
545 1739 592 1785 X
632 1760 642 1785 ε
689 1739 788 1795 τοἹε
816 1733 959 1797 ἦὸονης
1000 1759 1165 1806 χρειοιν
1204 1760 1400 1803 εχομεν,
1437 1737 1551 1793 ὅταν
1583 1765 1632 1792 εκ
1665 1763 1743 1794 του

106 1845 168 1887 μη
196 1844 401 1891 vagemus
435 1844 515 1881 την
543 1817 688 1882 ἦὸονην
716 1820 951 1885 αλὙωμὲν·
997 1819 1108 1873 ὅταν
1139 1817 1182 1873 ele
1218 1845 1278 1886 μη
1303 1836 1524 1887 αλὙωμεν
1542 1863 1553 1883 ,
1593 1848 1741 1879 ovum-c

105 1928 187 1966 της
209 1901 352 1965 ἦὸονης
376 1902 573 1970 cleopae&
603 1922 613 1954 ξ
653 1915 774 1952 tunc
805 1907 1061 1969 voluptate
1093 1923 1325 1975 egemus,
1363 1924 1479 1952 cam
1513 1925 1571 1954 er
1602 1908 1742 1955 illius

105 1990 330 2037 absentia
357 1990 609 2037 excitatur
641 1989 692 2035 in
721 1989 864 2036 nobis
901 1989 1087 2045 dolor,·
1123 1998 1175 2034 at
1207 2007 1323 2035 eum
1357 2008 1458 2036 non
1489 1991 1740 2051 dolemus,

104 2083 226 2122 tunc
249 2075 394 2120 nulla
420 2074 471 2120 in
498 2073 642 2120 nobis
660 2073 934 2136 voluptatis
959 2072 1233 2142 indigentia
1258 2083 1342 2119 esc.
1371 2075 1503 2124 Vide
1524 2074 1740 2122 Petram

106 2155 424 2205 Gassendum
451 2157 505 2206 in
531 2160 667 2205 hunc
697 2160 881 2205 locum.
921 2158 942 2220 (
966 2157 1045 2206 De
1079 2157 1182 2206 vita
1210 2166 1257 2205 et
1281 2158 1507 2205 moribus
1530 2160 1738 2223 Epicuri

98 2242 216 2290 libri
245 2243 376 2292 VIII
412 2260 518 2306 pag.
554 2240 671 2303 56.)

167 2326 270 2389 (V.
294 2325 371 2371 31.
394 2324 696 2387 αναγκοαον.)
731 2325 863 2375 Vide
895 2324 1008 2372 heic
1040 2323 1292 2372 inficetam
1323 2325 1466 2373 scioli
1505 2330 1734 2375 emenda-

97 2411 290 2459 tionem
306 2446 318 2469 ,
347 2409 434 2474 qui
453 2408 652 2457 refinxit
669 2430 932 2471 oevae‘ynouocv
946 2447 959 2468 ,
987 2408 1115 2454 infra
1131 2426 1248 2456 vero
1266 2409 1471 2473 reliquit
1487 2433 1700 2462 emmam.
1716 2421 1730 2443 1

154 2594 182 2616 1.
222 2586 413 2618 Επιπονον
445 2584 554 2617 recte
586 2591 626 2615 se
668 2578 793 2614 habet
822 2595 829 2612 ε
871 2583 931 2614 est
967 2577 1078 2614 enim
1116 2578 1275 2626 generis
1308 2579 1562 2623 communi53
1592 2592 1736 2628 neque.

94 2663 256 2688 necesse
289 2656 377 2688 erat
407 2649 628 2687 emendare
654 2660 872 2696 oevaeynouov
890 2671 902 2687 2
931 2646 1187 2695 subintelligi
1214 2652 1375 2694 poterat
1401 2659 1560 2703 χρῆμα.
1615 2650 1672 2684 Μ.

1386 2816 1430 2863 Ε
