<?xml version="1.0" encoding="UTF-8"?>
<!DOCTYPE html PUBLIC "-//W3C//DTD XHTML 1.0 Transitional//EN"
    "http://www.w3.org/TR/xhtml1/DTD/xhtml1-transitional.dtd">
<html xmlns="http://www.w3.org/1999/xhtml" xml:lang="en" lang="en">
 <head>
  <title>
</title>
<meta http-equiv="Content-Type" content="text/html;charset=utf-8" />
  <meta name='ocr-system' content='tesseract 3.04.00' />
  <meta name='ocr-capabilities' content='ocr_page ocr_carea ocr_par ocr_line ocrx_word'/>
</head>
<body>
  <div class='ocr_page' id='page_1' title='image "./depapyrisseuvolu00murr_0056.png"; bbox 0 0 1976 3298; ppageno 0'>
   <div class='ocr_carea' id='block_1_1' title="bbox 239 181 1587 240">
    <p class='ocr_par' dir='ltr' id='par_1_1' title="bbox 239 181 1587 240">
     <span class='ocr_line' id='line_1_1' title="bbox 239 181 1587 240; baseline 0.003 -10"><span class='ocrx_word' id='word_1_1' title='bbox 239 181 306 240; x_wconf 74' lang='grc'>46</span> <span class='ocrx_word' id='word_1_2' title='bbox 523 197 903 230; x_wconf 74' lang='lat' dir='ltr'>EerchTIO</span> <span class='ocrx_word' id='word_1_3' title='bbox 956 198 1288 232; x_wconf 77' lang='lat' dir='ltr'><strong>LAMELLAE</strong></span> <span class='ocrx_word' id='word_1_4' title='bbox 1335 201 1587 234; x_wconf 79' lang='lat' dir='ltr'><strong>AENEAE</strong></span> 
     </span>
    </p>
   </div>
   <div class='ocr_carea' id='block_1_2' title="bbox 234 281 1875 517">
    <p class='ocr_par' dir='ltr' id='par_1_2' title="bbox 234 281 1875 517">
     <span class='ocr_line' id='line_1_2' title="bbox 237 281 1874 357; baseline 0.005 -28"><span class='ocrx_word' id='word_1_5' title='bbox 237 281 441 330; x_wconf 86' lang='lat' dir='ltr'>urbium</span> <span class='ocrx_word' id='word_1_6' title='bbox 456 283 685 346; x_wconf 82' lang='lat' dir='ltr'>praefecti</span> <span class='ocrx_word' id='word_1_7' title='bbox 705 284 771 330; x_wconf 88' lang='lat' dir='ltr'>ita</span> <span class='ocrx_word' id='word_1_8' title='bbox 788 284 1097 332; x_wconf 81' lang='lat' dir='ltr'>vocabantur</span> <span class='ocrx_word' id='word_1_9' title='bbox 1113 286 1166 333; x_wconf 90' lang='lat' dir='ltr'>in</span> <span class='ocrx_word' id='word_1_10' title='bbox 1178 287 1401 334; x_wconf 85' lang='lat' dir='ltr'>Laconia</span> <span class='ocrx_word' id='word_1_11' title='bbox 1412 324 1423 345; x_wconf 95' lang='lat'>,</span> <span class='ocrx_word' id='word_1_12' title='bbox 1443 286 1652 336; x_wconf 76' lang='lat' dir='ltr'>scilicete</span> <span class='ocrx_word' id='word_1_13' title='bbox 1663 299 1874 357; x_wconf 69' lang='grc' dir='ltr'>Αςμοςοα.</span> 
     </span>
     <span class='ocr_line' id='line_1_3' title="bbox 302 370 1875 433; baseline 0.002 -15"><span class='ocrx_word' id='word_1_14' title='bbox 302 376 532 419; x_wconf 86' lang='grc' dir='ltr'>ΔΛΜΟΣ.</span> <span class='ocrx_word' id='word_1_15' title='bbox 559 377 915 421; x_wconf 77' lang='grc' dir='ltr'><strong>ΑΙΑΘΑΡΨΟΣ.</strong></span> <span class='ocrx_word' id='word_1_16' title='bbox 950 379 1047 422; x_wconf 86' lang='grc' dir='ltr'>ΟΝ.</span> <span class='ocrx_word' id='word_1_17' title='bbox 1085 371 1266 417; x_wconf 87' lang='lat' dir='ltr'>Procul</span> <span class='ocrx_word' id='word_1_18' title='bbox 1293 370 1450 418; x_wconf 83' lang='lat' dir='ltr'>dubio</span> <span class='ocrx_word' id='word_1_19' title='bbox 1481 371 1652 419; x_wconf 82' lang='lat' dir='ltr'><strong>artifex</strong></span> <span class='ocrx_word' id='word_1_20' title='bbox 1682 383 1875 433; x_wconf 86' lang='lat' dir='ltr'>noster,</span> 
     </span>
     <span class='ocr_line' id='line_1_4' title="bbox 234 451 1875 517; baseline 0.004 -21"><span class='ocrx_word' id='word_1_21' title='bbox 234 466 350 496; x_wconf 90' lang='lat' dir='ltr'>cum</span> <span class='ocrx_word' id='word_1_22' title='bbox 395 451 516 498; x_wconf 83' lang='lat' dir='ltr'>haec</span> <span class='ocrx_word' id='word_1_23' title='bbox 562 452 797 511; x_wconf 86' lang='lat' dir='ltr'>cuderet,</span> <span class='ocrx_word' id='word_1_24' title='bbox 842 453 1010 500; x_wconf 85' lang='lat' dir='ltr'>animo</span> <span class='ocrx_word' id='word_1_25' title='bbox 1049 455 1466 517; x_wconf 77' lang='lat' dir='ltr'><strong>peregrinabatur.</strong></span> <span class='ocrx_word' id='word_1_26' title='bbox 1520 455 1772 503; x_wconf 78' lang='lat' dir='ltr'><strong>Audacter</strong></span> <span class='ocrx_word' id='word_1_27' title='bbox 1803 456 1875 503; x_wconf 86' lang='lat' dir='ltr'>sic</span> 
     </span>
    </p>
   </div>
   <div class='ocr_carea' id='block_1_3' title="bbox 217 534 1878 2209">
    <p class='ocr_par' dir='ltr' id='par_1_3' title="bbox 219 534 1878 1518">
     <span class='ocr_line' id='line_1_5' title="bbox 232 534 1875 600; baseline 0.004 -20"><span class='ocrx_word' id='word_1_28' title='bbox 232 534 444 580; x_wconf 84' lang='lat' dir='ltr'>emenda</span> <span class='ocrx_word' id='word_1_29' title='bbox 479 555 489 580; x_wconf 74' lang='grc' dir='ltr'>ε</span> <span class='ocrx_word' id='word_1_30' title='bbox 525 544 683 598; x_wconf 76' lang='grc' dir='ltr'>Δαμος</span> <span class='ocrx_word' id='word_1_31' title='bbox 711 545 1058 589; x_wconf 78' lang='grc' dir='ltr'><strong>ΑΚΑΘΑΡΤΟΣ</strong></span> <span class='ocrx_word' id='word_1_32' title='bbox 1086 562 1141 588; x_wconf 78' lang='grc' dir='ltr'>ων</span> <span class='ocrx_word' id='word_1_33' title='bbox 1163 577 1174 597; x_wconf 86' lang='grc'>,</span> <span class='ocrx_word' id='word_1_34' title='bbox 1205 537 1438 600; x_wconf 78' lang='lat' dir='ltr'>Populus</span> <span class='ocrx_word' id='word_1_35' title='bbox 1472 557 1590 585; x_wconf 79' lang='lat' dir='ltr'>cum</span> <span class='ocrx_word' id='word_1_36' title='bbox 1625 539 1690 585; x_wconf 79' lang='lat' dir='ltr'>sic</span> <span class='ocrx_word' id='word_1_37' title='bbox 1723 541 1875 586; x_wconf 87' lang='lat' dir='ltr'>scele-</span> 
     </span>
     <span class='ocr_line' id='line_1_6' title="bbox 230 618 1870 683; baseline 0.005 -20"><span class='ocrx_word' id='word_1_38' title='bbox 230 625 412 676; x_wconf 78' lang='lat' dir='ltr'>ratus,</span> <span class='ocrx_word' id='word_1_39' title='bbox 449 618 495 664; x_wconf 88' lang='lat' dir='ltr'>h.</span> <span class='ocrx_word' id='word_1_40' title='bbox 530 635 571 666; x_wconf 91' lang='lat' dir='ltr'>e.</span> <span class='ocrx_word' id='word_1_41' title='bbox 610 618 900 667; x_wconf 90' lang='lat' dir='ltr'>immundus</span> <span class='ocrx_word' id='word_1_42' title='bbox 923 657 934 679; x_wconf 90' lang='lat'>,</span> <span class='ocrx_word' id='word_1_43' title='bbox 969 623 1206 683; x_wconf 90' lang='lat' dir='ltr'>pollutus.</span> <span class='ocrx_word' id='word_1_44' title='bbox 1275 622 1427 669; x_wconf 85' lang='lat' dir='ltr'>Terra</span> <span class='ocrx_word' id='word_1_45' title='bbox 1464 623 1743 682; x_wconf 80' lang='lat' dir='ltr'>scelerata,</span> <span class='ocrx_word' id='word_1_46' title='bbox 1782 640 1870 671; x_wconf 89' lang='lat' dir='ltr'>seu</span> 
     </span>
     <span class='ocr_line' id='line_1_7' title="bbox 219 700 1872 768; baseline 0.004 -21"><span class='ocrx_word' id='word_1_47' title='bbox 219 700 427 763; x_wconf 81' lang='lat' dir='ltr'>polluta</span> <span class='ocrx_word' id='word_1_48' title='bbox 469 702 757 762; x_wconf 79' lang='lat' dir='ltr'>dicebatur,</span> <span class='ocrx_word' id='word_1_49' title='bbox 797 704 886 750; x_wconf 88' lang='lat' dir='ltr'>ubi</span> <span class='ocrx_word' id='word_1_50' title='bbox 927 704 1135 768; x_wconf 86' lang='lat' dir='ltr'>aliquod</span> <span class='ocrx_word' id='word_1_51' title='bbox 1169 722 1316 767; x_wconf 84' lang='lat' dir='ltr'>grave</span> <span class='ocrx_word' id='word_1_52' title='bbox 1349 706 1540 753; x_wconf 87' lang='lat' dir='ltr'>facinus</span> <span class='ocrx_word' id='word_1_53' title='bbox 1584 706 1758 755; x_wconf 84' lang='lat' dir='ltr'>fuisset</span> <span class='ocrx_word' id='word_1_54' title='bbox 1793 708 1872 753; x_wconf 85' lang='lat' dir='ltr'>ad-</span> 
     </span>
     <span class='ocr_line' id='line_1_8' title="bbox 226 785 1875 851; baseline 0.003 -19"><span class='ocrx_word' id='word_1_55' title='bbox 226 785 450 832; x_wconf 88' lang='lat' dir='ltr'>missum.</span> <span class='ocrx_word' id='word_1_56' title='bbox 520 787 823 835; x_wconf 74' lang='lat' dir='ltr'>Israeliticus</span> <span class='ocrx_word' id='word_1_57' title='bbox 859 790 1076 851; x_wconf 89' lang='lat' dir='ltr'>populus</span> <span class='ocrx_word' id='word_1_58' title='bbox 1117 789 1182 835; x_wconf 92' lang='lat' dir='ltr'>ob</span> <span class='ocrx_word' id='word_1_59' title='bbox 1223 789 1420 836; x_wconf 88' lang='lat' dir='ltr'>Achani</span> <span class='ocrx_word' id='word_1_60' title='bbox 1464 792 1628 838; x_wconf 91' lang='lat' dir='ltr'>scelus</span> <span class='ocrx_word' id='word_1_61' title='bbox 1668 799 1875 839; x_wconf 82' lang='lat' dir='ltr'>vocatur</span> 
     </span>
     <span class='ocr_line' id='line_1_9' title="bbox 221 869 1878 931; baseline 0.005 -18"><span class='ocrx_word' id='word_1_62' title='bbox 221 869 454 931; x_wconf 77' lang='lat' dir='ltr'>pollutus</span> <span class='ocrx_word' id='word_1_63' title='bbox 491 870 834 930; x_wconf 78' lang='lat' dir='ltr'>anathemate,</span> <span class='ocrx_word' id='word_1_64' title='bbox 870 872 1024 920; x_wconf 87' lang='lat' dir='ltr'>Josue</span> <span class='ocrx_word' id='word_1_65' title='bbox 1049 873 1181 931; x_wconf 81' lang='lat' dir='ltr'>VII,</span> <span class='ocrx_word' id='word_1_66' title='bbox 1224 890 1293 919; x_wconf 86' lang='lat'>12.</span> <span class='ocrx_word' id='word_1_67' title='bbox 1344 873 1429 921; x_wconf 85' lang='lat' dir='ltr'>Ob</span> <span class='ocrx_word' id='word_1_68' title='bbox 1459 874 1790 921; x_wconf 88' lang='lat' dir='ltr'><strong>homicidium</strong></span> <span class='ocrx_word' id='word_1_69' title='bbox 1823 874 1878 922; x_wconf 90' lang='lat' dir='ltr'>in</span> 
     </span>
     <span class='ocr_line' id='line_1_10' title="bbox 225 952 1877 1022; baseline 0.003 -23"><span class='ocrx_word' id='word_1_70' title='bbox 225 952 362 1017; x_wconf 83' lang='lat' dir='ltr'>pagis</span> <span class='ocrx_word' id='word_1_71' title='bbox 392 954 570 1001; x_wconf 86' lang='lat' dir='ltr'>Atticis</span> <span class='ocrx_word' id='word_1_72' title='bbox 611 964 857 1018; x_wconf 87' lang='lat' dir='ltr'>patratum</span> <span class='ocrx_word' id='word_1_73' title='bbox 879 992 890 1014; x_wconf 93' lang='lat'>,</span> <span class='ocrx_word' id='word_1_74' title='bbox 935 954 1077 1022; x_wconf 87' lang='lat' dir='ltr'>cujus</span> <span class='ocrx_word' id='word_1_75' title='bbox 1112 966 1285 1004; x_wconf 82' lang='lat' dir='ltr'>auctor</span> <span class='ocrx_word' id='word_1_76' title='bbox 1317 957 1658 1019; x_wconf 79' lang='lat' dir='ltr'>ignoraretur,</span> <span class='ocrx_word' id='word_1_77' title='bbox 1702 960 1810 1020; x_wconf 83' lang='lat' dir='ltr'>lege</span> <span class='ocrx_word' id='word_1_78' title='bbox 1849 976 1877 1004; x_wconf 88' lang='lat' dir='ltr'>a</span> 
     </span>
     <span class='ocr_line' id='line_1_11' title="bbox 226 1035 1869 1103; baseline 0.004 -21"><span class='ocrx_word' id='word_1_79' title='bbox 226 1035 570 1084; x_wconf 76' lang='lat' dir='ltr'><em>Demosthene</em></span> <span class='ocrx_word' id='word_1_80' title='bbox 600 1039 655 1085; x_wconf 89' lang='lat' dir='ltr'>in</span> <span class='ocrx_word' id='word_1_81' title='bbox 684 1039 1012 1086; x_wconf 87' lang='lat' dir='ltr'>Macartatum</span> <span class='ocrx_word' id='word_1_82' title='bbox 1039 1059 1084 1103; x_wconf 91' lang='lat' dir='ltr'>p.</span> <span class='ocrx_word' id='word_1_83' title='bbox 1113 1039 1208 1087; x_wconf 89' lang='lat'>666</span> <span class='ocrx_word' id='word_1_84' title='bbox 1245 1041 1469 1100; x_wconf 89' lang='lat' dir='ltr'>recitata,</span> <span class='ocrx_word' id='word_1_85' title='bbox 1513 1050 1717 1089; x_wconf 90' lang='lat' dir='ltr'>cautum</span> <span class='ocrx_word' id='word_1_86' title='bbox 1742 1050 1869 1101; x_wconf 87' lang='lat' dir='ltr'>erat,</span> 
     </span>
     <span class='ocr_line' id='line_1_12' title="bbox 225 1123 1870 1195; baseline -0.001 -23"><span class='ocrx_word' id='word_1_87' title='bbox 225 1123 457 1188; x_wconf 63' lang='lat' dir='ltr'>noeSougeav</span> <span class='ocrx_word' id='word_1_88' title='bbox 481 1144 557 1173; x_wconf 80' lang='grc' dir='ltr'>τον</span> <span class='ocrx_word' id='word_1_89' title='bbox 586 1134 763 1186; x_wconf 76' lang='grc' dir='ltr'>Δημον,</span> <span class='ocrx_word' id='word_1_90' title='bbox 805 1123 996 1172; x_wconf 86' lang='lat' dir='ltr'>scilicet</span> <span class='ocrx_word' id='word_1_91' title='bbox 1027 1133 1083 1171; x_wconf 89' lang='lat' dir='ltr'>ut</span> <span class='ocrx_word' id='word_1_92' title='bbox 1111 1123 1248 1195; x_wconf 79' lang='lat' dir='ltr'>Pagi</span> <span class='ocrx_word' id='word_1_93' title='bbox 1272 1126 1504 1188; x_wconf 79' lang='lat' dir='ltr'>popalus</span> <span class='ocrx_word' id='word_1_94' title='bbox 1539 1126 1870 1173; x_wconf 77' lang='lat' dir='ltr'>lustraretur.</span> 
     </span>
     <span class='ocr_line' id='line_1_13' title="bbox 225 1203 1872 1274; baseline 0.004 -23"><span class='ocrx_word' id='word_1_95' title='bbox 225 1203 352 1252; x_wconf 89' lang='lat' dir='ltr'>Sanc</span> <span class='ocrx_word' id='word_1_96' title='bbox 393 1206 516 1254; x_wconf 89' lang='lat' dir='ltr'>ratio</span> <span class='ocrx_word' id='word_1_97' title='bbox 555 1205 704 1274; x_wconf 89' lang='lat' dir='ltr'>hujus</span> <span class='ocrx_word' id='word_1_98' title='bbox 747 1207 961 1254; x_wconf 89' lang='lat' dir='ltr'>instituti</span> <span class='ocrx_word' id='word_1_99' title='bbox 997 1208 1051 1254; x_wconf 88' lang='lat' dir='ltr'>in</span> <span class='ocrx_word' id='word_1_100' title='bbox 1082 1219 1279 1272; x_wconf 88' lang='lat' dir='ltr'>promtu</span> <span class='ocrx_word' id='word_1_101' title='bbox 1322 1218 1429 1268; x_wconf 82' lang='lat' dir='ltr'>est3</span> <span class='ocrx_word' id='word_1_102' title='bbox 1474 1210 1624 1274; x_wconf 91' lang='lat' dir='ltr'>quia,</span> <span class='ocrx_word' id='word_1_103' title='bbox 1655 1211 1696 1256; x_wconf 91' lang='lat' dir='ltr'>si</span> <span class='ocrx_word' id='word_1_104' title='bbox 1734 1219 1872 1257; x_wconf 84' lang='lat' dir='ltr'>atrox</span> 
     </span>
     <span class='ocr_line' id='line_1_14' title="bbox 222 1287 1873 1358; baseline 0.004 -23"><span class='ocrx_word' id='word_1_105' title='bbox 222 1287 434 1355; x_wconf 87' lang='lat' dir='ltr'>alicujus</span> <span class='ocrx_word' id='word_1_106' title='bbox 474 1290 666 1337; x_wconf 87' lang='lat' dir='ltr'>facinus</span> <span class='ocrx_word' id='word_1_107' title='bbox 701 1291 902 1339; x_wconf 84' lang='lat' dir='ltr'>abiisset</span> <span class='ocrx_word' id='word_1_108' title='bbox 935 1291 1141 1355; x_wconf 88' lang='lat' dir='ltr'>impune</span> <span class='ocrx_word' id='word_1_109' title='bbox 1164 1329 1176 1352; x_wconf 93' lang='lat'>,</span> <span class='ocrx_word' id='word_1_110' title='bbox 1210 1300 1313 1339; x_wconf 90' lang='lat' dir='ltr'>tota</span> <span class='ocrx_word' id='word_1_111' title='bbox 1346 1292 1527 1356; x_wconf 87' lang='lat' dir='ltr'>pariter</span> <span class='ocrx_word' id='word_1_112' title='bbox 1570 1311 1690 1356; x_wconf 83' lang='lat' dir='ltr'>gens</span> <span class='ocrx_word' id='word_1_113' title='bbox 1727 1311 1873 1358; x_wconf 89' lang='lat' dir='ltr'>repu-</span> 
     </span>
     <span class='ocr_line' id='line_1_15' title="bbox 219 1372 1870 1440; baseline 0.003 -20"><span class='ocrx_word' id='word_1_114' title='bbox 219 1372 416 1420; x_wconf 81' lang='lat' dir='ltr'>tabatur</span> <span class='ocrx_word' id='word_1_115' title='bbox 435 1375 642 1437; x_wconf 80' lang='lat' dir='ltr'>polluta</span> <span class='ocrx_word' id='word_1_116' title='bbox 661 1394 681 1431; x_wconf 91' lang='lat'><em>;</em></span> <span class='ocrx_word' id='word_1_117' title='bbox 711 1376 1127 1440; x_wconf 88' lang='lat' dir='ltr'>quandoquidem</span> <span class='ocrx_word' id='word_1_118' title='bbox 1150 1376 1354 1440; x_wconf 88' lang='lat' dir='ltr'>publica</span> <span class='ocrx_word' id='word_1_119' title='bbox 1379 1386 1499 1425; x_wconf 90' lang='lat' dir='ltr'>tunc</span> <span class='ocrx_word' id='word_1_120' title='bbox 1527 1377 1838 1440; x_wconf 82' lang='lat' dir='ltr'>indulgentia</span> <span class='ocrx_word' id='word_1_121' title='bbox 1858 1415 1870 1437; x_wconf 89' lang='lat'>,</span> 
     </span>
     <span class='ocr_line' id='line_1_16' title="bbox 220 1458 1358 1518; baseline 0.002 -13"><span class='ocrx_word' id='word_1_122' title='bbox 220 1459 303 1505; x_wconf 80' lang='lat' dir='ltr'>vel</span> <span class='ocrx_word' id='word_1_123' title='bbox 331 1458 654 1506; x_wconf 80' lang='lat' dir='ltr'>conniventia</span> <span class='ocrx_word' id='word_1_124' title='bbox 674 1495 686 1518; x_wconf 83' lang='lat'>,</span> <span class='ocrx_word' id='word_1_125' title='bbox 720 1459 1054 1509; x_wconf 83' lang='lat' dir='ltr'>intercessisse</span> <span class='ocrx_word' id='word_1_126' title='bbox 1080 1461 1358 1509; x_wconf 85' lang='lat' dir='ltr'>videbatur.</span> 
     </span>
    </p>

    <p class='ocr_par' dir='ltr' id='par_1_4' title="bbox 217 1543 1874 2209">
     <span class='ocr_line' id='line_1_17' title="bbox 284 1543 1869 1612; baseline 0.002 -20"><span class='ocrx_word' id='word_1_127' title='bbox 284 1551 440 1593; x_wconf 82' lang='grc' dir='ltr'><strong>ΑΤΑΣ</strong></span> <span class='ocrx_word' id='word_1_128' title='bbox 476 1553 777 1595; x_wconf 60' lang='grc' dir='ltr'><strong>ΕΠΙΚΟΡΟΣ.</strong></span> <span class='ocrx_word' id='word_1_129' title='bbox 828 1553 961 1597; x_wconf 67' lang='grc' dir='ltr'>Ατοις</span> <span class='ocrx_word' id='word_1_130' title='bbox 990 1565 1273 1612; x_wconf 64' lang='grc' dir='ltr'><em>επιχωρους,</em></span> <span class='ocrx_word' id='word_1_131' title='bbox 1309 1543 1635 1592; x_wconf 77' lang='lat' dir='ltr'>Calamicates</span> <span class='ocrx_word' id='word_1_132' title='bbox 1671 1545 1869 1592; x_wconf 78' lang='lat' dir='ltr'>cerrito-</span> 
     </span>
     <span class='ocr_line' id='line_1_18' title="bbox 219 1621 1868 1684; baseline 0.003 -14"><span class='ocrx_word' id='word_1_133' title='bbox 219 1621 374 1670; x_wconf 81' lang='lat' dir='ltr'>rz&#39;ales</span> <span class='ocrx_word' id='word_1_134' title='bbox 399 1625 501 1679; x_wconf 86' lang='lat' dir='ltr'>sive</span> <span class='ocrx_word' id='word_1_135' title='bbox 524 1626 711 1672; x_wconf 82' lang='lat' dir='ltr'>locales</span> <span class='ocrx_word' id='word_1_136' title='bbox 729 1645 750 1684; x_wconf 90' lang='lat'><em>;</em></span> <span class='ocrx_word' id='word_1_137' title='bbox 778 1636 833 1673; x_wconf 91' lang='lat' dir='ltr'>ut</span> <span class='ocrx_word' id='word_1_138' title='bbox 850 1644 1127 1674; x_wconf 80' lang='lat' dir='ltr'>aeramnae</span> <span class='ocrx_word' id='word_1_139' title='bbox 1149 1629 1334 1674; x_wconf 81' lang='lat' dir='ltr'>locales</span> <span class='ocrx_word' id='word_1_140' title='bbox 1352 1629 1623 1676; x_wconf 80' lang='lat' dir='ltr'>Ammiano</span> <span class='ocrx_word' id='word_1_141' title='bbox 1639 1630 1868 1678; x_wconf 82' lang='lat' dir='ltr'>Marcell.</span> 
     </span>
     <span class='ocr_line' id='line_1_19' title="bbox 217 1706 1870 1777; baseline 0.007 -25"><span class='ocrx_word' id='word_1_142' title='bbox 217 1706 371 1766; x_wconf 87' lang='lat' dir='ltr'>XIV,</span> <span class='ocrx_word' id='word_1_143' title='bbox 405 1727 448 1772; x_wconf 90' lang='lat'>7.</span> <span class='ocrx_word' id='word_1_144' title='bbox 490 1710 550 1756; x_wconf 90' lang='lat' dir='ltr'>In</span> <span class='ocrx_word' id='word_1_145' title='bbox 585 1712 892 1774; x_wconf 83' lang='lat' dir='ltr'>autographo</span> <span class='ocrx_word' id='word_1_146' title='bbox 929 1722 965 1764; x_wconf 89' lang='lat' dir='ltr'>K</span> <span class='ocrx_word' id='word_1_147' title='bbox 998 1714 1238 1761; x_wconf 85' lang='lat' dir='ltr'>mendose</span> <span class='ocrx_word' id='word_1_148' title='bbox 1268 1713 1507 1777; x_wconf 85' lang='lat' dir='ltr'>scalpitur</span> <span class='ocrx_word' id='word_1_149' title='bbox 1536 1732 1624 1777; x_wconf 88' lang='lat' dir='ltr'>pro</span> <span class='ocrx_word' id='word_1_150' title='bbox 1665 1723 1715 1767; x_wconf 90' lang='lat' dir='ltr'>X.</span> <span class='ocrx_word' id='word_1_151' title='bbox 1759 1726 1870 1767; x_wconf 81' lang='grc' dir='ltr'>Επι-</span> 
     </span>
     <span class='ocr_line' id='line_1_20' title="bbox 218 1794 1873 1866; baseline 0.004 -29"><span class='ocrx_word' id='word_1_152' title='bbox 218 1813 392 1859; x_wconf 67' lang='grc' dir='ltr'><em>χωςος,</em></span> <span class='ocrx_word' id='word_1_153' title='bbox 428 1794 768 1856; x_wconf 85' lang='lat' dir='ltr'>compositum</span> <span class='ocrx_word' id='word_1_154' title='bbox 797 1803 930 1842; x_wconf 89' lang='lat' dir='ltr'>recta</span> <span class='ocrx_word' id='word_1_155' title='bbox 965 1814 992 1842; x_wconf 92' lang='lat' dir='ltr'>a</span> <span class='ocrx_word' id='word_1_156' title='bbox 1023 1817 1171 1864; x_wconf 67' lang='grc' dir='ltr'><em>χωςος</em></span> <span class='ocrx_word' id='word_1_157' title='bbox 1190 1835 1201 1856; x_wconf 93' lang='grc'>,</span> <span class='ocrx_word' id='word_1_158' title='bbox 1240 1805 1297 1843; x_wconf 89' lang='lat' dir='ltr'>ut</span> <span class='ocrx_word' id='word_1_159' title='bbox 1326 1808 1611 1866; x_wconf 64' lang='grc' dir='ltr'><em>Ευςυχωςος,</em></span> <span class='ocrx_word' id='word_1_160' title='bbox 1640 1808 1873 1865; x_wconf 69' lang='grc' dir='ltr'>Εγχωςος.</span> 
     </span>
     <span class='ocr_line' id='line_1_21' title="bbox 218 1874 1874 1944; baseline 0.004 -23"><span class='ocrx_word' id='word_1_161' title='bbox 218 1874 360 1926; x_wconf 83' lang='lat' dir='ltr'>Haec</span> <span class='ocrx_word' id='word_1_162' title='bbox 394 1886 643 1939; x_wconf 88' lang='lat' dir='ltr'>postrema</span> <span class='ocrx_word' id='word_1_163' title='bbox 680 1879 834 1925; x_wconf 87' lang='lat' dir='ltr'>verba</span> <span class='ocrx_word' id='word_1_164' title='bbox 870 1879 1211 1943; x_wconf 86' lang='lat' dir='ltr'>inscriptionis</span> <span class='ocrx_word' id='word_1_165' title='bbox 1246 1881 1474 1944; x_wconf 88' lang='lat' dir='ltr'>protinus</span> <span class='ocrx_word' id='word_1_166' title='bbox 1529 1883 1874 1929; x_wconf 87' lang='lat' dir='ltr'>connectenda</span> 
     </span>
     <span class='ocr_line' id='line_1_22' title="bbox 223 1963 1869 2027; baseline 0.003 -21"><span class='ocrx_word' id='word_1_167' title='bbox 223 1969 341 2007; x_wconf 89' lang='lat' dir='ltr'>sunt</span> <span class='ocrx_word' id='word_1_168' title='bbox 385 1978 501 2008; x_wconf 91' lang='lat' dir='ltr'>cum</span> <span class='ocrx_word' id='word_1_169' title='bbox 538 1963 954 2025; x_wconf 87' lang='lat' dir='ltr'>praecedentibus</span> <span class='ocrx_word' id='word_1_170' title='bbox 992 1985 1001 2011; x_wconf 92' lang='lat'>:</span> <span class='ocrx_word' id='word_1_171' title='bbox 1064 1963 1295 2027; x_wconf 76' lang='lat' dir='ltr'>Populus</span> <span class='ocrx_word' id='word_1_172' title='bbox 1341 1983 1459 2012; x_wconf 81' lang='lat' dir='ltr'>cum</span> <span class='ocrx_word' id='word_1_173' title='bbox 1500 1964 1565 2011; x_wconf 79' lang='lat' dir='ltr'>sic</span> <span class='ocrx_word' id='word_1_174' title='bbox 1597 1965 1869 2027; x_wconf 75' lang='lat' dir='ltr'>pollutus,</span> 
     </span>
     <span class='ocr_line' id='line_1_23' title="bbox 219 2043 1867 2113; baseline 0.004 -23"><span class='ocrx_word' id='word_1_175' title='bbox 219 2043 531 2092; x_wconf 78' lang='lat' dir='ltr'>calamitates</span> <span class='ocrx_word' id='word_1_176' title='bbox 569 2046 939 2106; x_wconf 69' lang='lat' dir='ltr'>territoriales,</span> <span class='ocrx_word' id='word_1_177' title='bbox 978 2051 1183 2112; x_wconf 86' lang='lat' dir='ltr'>supple,</span> <span class='ocrx_word' id='word_1_178' title='bbox 1224 2050 1359 2108; x_wconf 72' lang='lat' dir='ltr'>laec,</span> <span class='ocrx_word' id='word_1_179' title='bbox 1400 2051 1661 2113; x_wconf 86' lang='lat' dir='ltr'>persolvet.</span> <span class='ocrx_word' id='word_1_180' title='bbox 1699 2059 1710 2080; x_wconf 90' lang='lat'>¹</span> <span class='ocrx_word' id='word_1_181' title='bbox 1756 2049 1867 2096; x_wconf 86' lang='lat' dir='ltr'>Hac</span> 
     </span>
     <span class='ocr_line' id='line_1_24' title="bbox 219 2130 1869 2209; baseline 0.003 -34"><span class='ocrx_word' id='word_1_182' title='bbox 219 2138 386 2176; x_wconf 86' lang='lat' dir='ltr'>autem</span> <span class='ocrx_word' id='word_1_183' title='bbox 416 2130 808 2180; x_wconf 87' lang='lat' dir='ltr'>comminatione</span> <span class='ocrx_word' id='word_1_184' title='bbox 830 2132 968 2180; x_wconf 85' lang='lat' dir='ltr'>Deae</span> <span class='ocrx_word' id='word_1_185' title='bbox 987 2132 1226 2180; x_wconf 86' lang='lat' dir='ltr'>Laciniae</span> <span class='ocrx_word' id='word_1_186' title='bbox 1245 2170 1257 2192; x_wconf 94' lang='lat'>,</span> <span class='ocrx_word' id='word_1_187' title='bbox 1292 2150 1409 2192; x_wconf 87' lang='lat' dir='ltr'>seu,</span> <span class='ocrx_word' id='word_1_188' title='bbox 1437 2134 1575 2197; x_wconf 91' lang='lat' dir='ltr'>quod</span> <span class='ocrx_word' id='word_1_189' title='bbox 1605 2132 1740 2180; x_wconf 90' lang='lat' dir='ltr'>idem</span> <span class='ocrx_word' id='word_1_190' title='bbox 1768 2140 1869 2209; x_wconf 55' lang='lat' dir='ltr'>est,</span> 
     </span>
    </p>
   </div>
   <div class='ocr_carea' id='block_1_4' title="bbox 933 2261 1156 2267">
    <p class='ocr_par' dir='ltr' id='par_1_5' title="bbox 933 2261 1156 2267">
     <span class='ocr_line' id='line_1_25' title="bbox 933 2261 1156 2267; baseline 0 0"><span class='ocrx_word' id='word_1_191' title='bbox 933 2261 1156 2267; x_wconf 95' lang='lat' dir='ltr'> </span> 
     </span>
    </p>
   </div>
   <div class='ocr_carea' id='block_1_5' title="bbox 209 2330 1870 2802">
    <p class='ocr_par' dir='ltr' id='par_1_6' title="bbox 209 2330 1870 2802">
     <span class='ocr_line' id='line_1_26' title="bbox 272 2330 1858 2384; baseline 0.003 -18"><span class='ocrx_word' id='word_1_192' title='bbox 272 2344 285 2366; x_wconf 92' lang='lat'>1</span> <span class='ocrx_word' id='word_1_193' title='bbox 316 2332 362 2366; x_wconf 85' lang='lat' dir='ltr'>In</span> <span class='ocrx_word' id='word_1_194' title='bbox 383 2330 506 2369; x_wconf 85' lang='lat' dir='ltr'>dictis</span> <span class='ocrx_word' id='word_1_195' title='bbox 533 2335 684 2382; x_wconf 70' lang='lat' dir='ltr'>argutis</span> <span class='ocrx_word' id='word_1_196' title='bbox 705 2347 750 2370; x_wconf 82' lang='lat' dir='ltr'>ac</span> <span class='ocrx_word' id='word_1_197' title='bbox 766 2336 1030 2372; x_wconf 82' lang='lat' dir='ltr'>sententiosis</span> <span class='ocrx_word' id='word_1_198' title='bbox 1055 2336 1390 2384; x_wconf 82' lang='lat' dir='ltr'>frequentissima</span> <span class='ocrx_word' id='word_1_199' title='bbox 1408 2341 1466 2372; x_wconf 85' lang='lat' dir='ltr'>est</span> <span class='ocrx_word' id='word_1_200' title='bbox 1486 2335 1604 2372; x_wconf 88' lang='lat' dir='ltr'>verbi</span> <span class='ocrx_word' id='word_1_201' title='bbox 1620 2335 1858 2380; x_wconf 84' lang='lat' dir='ltr'>reticentia,</span> 
     </span>
     <span class='ocr_line' id='line_1_27' title="bbox 214 2401 1861 2455; baseline 0.003 -20"><span class='ocrx_word' id='word_1_202' title='bbox 214 2404 261 2435; x_wconf 80' lang='lat' dir='ltr'>ut</span> <span class='ocrx_word' id='word_1_203' title='bbox 277 2401 409 2436; x_wconf 84' lang='lat' dir='ltr'>Fortes</span> <span class='ocrx_word' id='word_1_204' title='bbox 422 2402 620 2448; x_wconf 75' lang='lat' dir='ltr'>Fortuna,</span> <span class='ocrx_word' id='word_1_205' title='bbox 647 2404 753 2452; x_wconf 85' lang='lat' dir='ltr'>apud</span> <span class='ocrx_word' id='word_1_206' title='bbox 774 2404 852 2440; x_wconf 75' lang='lat' dir='ltr'>Cic.</span> <span class='ocrx_word' id='word_1_207' title='bbox 880 2405 929 2442; x_wconf 83' lang='lat' dir='ltr'>dc</span> <span class='ocrx_word' id='word_1_208' title='bbox 950 2406 1116 2441; x_wconf 77' lang='lat' dir='ltr'>Fin.111.</span> <span class='ocrx_word' id='word_1_209' title='bbox 1160 2406 1269 2455; x_wconf 78' lang='lat' dir='ltr'>Quos</span> <span class='ocrx_word' id='word_1_210' title='bbox 1294 2418 1364 2455; x_wconf 79' lang='lat' dir='ltr'>ego</span> <span class='ocrx_word' id='word_1_211' title='bbox 1388 2407 1393 2440; x_wconf 85' lang='lat'>!</span> <span class='ocrx_word' id='word_1_212' title='bbox 1427 2405 1535 2452; x_wconf 87' lang='lat' dir='ltr'>apud</span> <span class='ocrx_word' id='word_1_213' title='bbox 1565 2405 1674 2455; x_wconf 79' lang='lat' dir='ltr'>Virg.</span> <span class='ocrx_word' id='word_1_214' title='bbox 1699 2405 1800 2440; x_wconf 84' lang='lat' dir='ltr'>Aen.</span> <span class='ocrx_word' id='word_1_215' title='bbox 1824 2405 1861 2450; x_wconf 91' lang='lat' dir='ltr'>I,</span> 
     </span>
     <span class='ocr_line' id='line_1_28' title="bbox 219 2470 1862 2522; baseline 0.004 -18"><span class='ocrx_word' id='word_1_216' title='bbox 219 2470 316 2517; x_wconf 75' lang='lat'>1393</span> <span class='ocrx_word' id='word_1_217' title='bbox 348 2470 391 2506; x_wconf 90' lang='lat' dir='ltr'>in</span> <span class='ocrx_word' id='word_1_218' title='bbox 418 2473 638 2519; x_wconf 85' lang='lat' dir='ltr'>paroemiis</span> <span class='ocrx_word' id='word_1_219' title='bbox 675 2475 940 2520; x_wconf 85' lang='lat' dir='ltr'>praesertim,</span> <span class='ocrx_word' id='word_1_220' title='bbox 970 2481 1015 2511; x_wconf 89' lang='lat' dir='ltr'>ut</span> <span class='ocrx_word' id='word_1_221' title='bbox 1045 2470 1187 2511; x_wconf 62' lang='lat' dir='ltr'>smon&#39;</span> <span class='ocrx_word' id='word_1_222' title='bbox 1217 2471 1390 2522; x_wconf 65' lang='grc' dir='ltr'>Αθηνοιζε</span> <span class='ocrx_word' id='word_1_223' title='bbox 1408 2500 1419 2518; x_wconf 85' lang='grc'>,</span> <span class='ocrx_word' id='word_1_224' title='bbox 1453 2479 1634 2510; x_wconf 79' lang='lat' dir='ltr'>noctuam</span> <span class='ocrx_word' id='word_1_225' title='bbox 1659 2473 1862 2518; x_wconf 80' lang='lat' dir='ltr'>Athena-s;</span> 
     </span>
     <span class='ocr_line' id='line_1_29' title="bbox 216 2542 1870 2595; baseline 0.002 -21"><span class='ocrx_word' id='word_1_226' title='bbox 216 2542 261 2581; x_wconf 84' lang='grc' dir='ltr'>ΙΞς</span> <span class='ocrx_word' id='word_1_227' title='bbox 297 2553 462 2595; x_wconf 56' lang='grc' dir='ltr'>κορακας</span> <span class='ocrx_word' id='word_1_228' title='bbox 481 2567 492 2585; x_wconf 81' lang='grc'>,</span> <span class='ocrx_word' id='word_1_229' title='bbox 524 2543 573 2578; x_wconf 83' lang='lat' dir='ltr'>ad</span> <span class='ocrx_word' id='word_1_230' title='bbox 600 2556 729 2579; x_wconf 71' lang='lat' dir='ltr'>corvos</span> <span class='ocrx_word' id='word_1_231' title='bbox 759 2550 833 2580; x_wconf 81' lang='lat' dir='ltr'>etc.</span> <span class='ocrx_word' id='word_1_232' title='bbox 863 2546 925 2581; x_wconf 83' lang='lat' dir='ltr'>lbi</span> <span class='ocrx_word' id='word_1_233' title='bbox 958 2559 1030 2593; x_wconf 84' lang='lat' dir='ltr'>per</span> <span class='ocrx_word' id='word_1_234' title='bbox 1056 2546 1226 2595; x_wconf 59' lang='lat' dir='ltr'>‘liguram</span> <span class='ocrx_word' id='word_1_235' title='bbox 1260 2545 1433 2594; x_wconf 77' lang='lat' dir='ltr'>Eclipsin</span> <span class='ocrx_word' id='word_1_236' title='bbox 1471 2543 1870 2594; x_wconf 82' lang='lat' dir='ltr'>subintelligendum</span> 
     </span>
     <span class='ocr_line' id='line_1_30' title="bbox 217 2613 1868 2663; baseline 0.004 -19"><span class='ocrx_word' id='word_1_237' title='bbox 217 2613 279 2644; x_wconf 84' lang='lat' dir='ltr'>est</span> <span class='ocrx_word' id='word_1_238' title='bbox 301 2621 526 2660; x_wconf 77' lang='lat' dir='ltr'>congruum</span> <span class='ocrx_word' id='word_1_239' title='bbox 562 2615 759 2657; x_wconf 84' lang='lat' dir='ltr'>verbnm,</span> <span class='ocrx_word' id='word_1_240' title='bbox 793 2614 900 2662; x_wconf 87' lang='lat' dir='ltr'>quod</span> <span class='ocrx_word' id='word_1_241' title='bbox 941 2617 991 2651; x_wconf 83' lang='lat' dir='ltr'>al)</span> <span class='ocrx_word' id='word_1_242' title='bbox 1022 2616 1109 2663; x_wconf 87' lang='lat' dir='ltr'>ipso</span> <span class='ocrx_word' id='word_1_243' title='bbox 1144 2620 1340 2651; x_wconf 83' lang='lat' dir='ltr'>contextu</span> <span class='ocrx_word' id='word_1_244' title='bbox 1371 2614 1602 2651; x_wconf 88' lang='lat' dir='ltr'>dictionum</span> <span class='ocrx_word' id='word_1_245' title='bbox 1628 2613 1868 2663; x_wconf 83' lang='lat' dir='ltr'>suggeritur.</span> 
     </span>
     <span class='ocr_line' id='line_1_31' title="bbox 215 2677 1866 2732; baseline 0.002 -20"><span class='ocrx_word' id='word_1_246' title='bbox 215 2677 348 2715; x_wconf 80' lang='lat' dir='ltr'>Hodie</span> <span class='ocrx_word' id='word_1_247' title='bbox 377 2681 483 2728; x_wconf 86' lang='lat' dir='ltr'>apud</span> <span class='ocrx_word' id='word_1_248' title='bbox 520 2695 591 2718; x_wconf 92' lang='lat' dir='ltr'>nos</span> <span class='ocrx_word' id='word_1_249' title='bbox 625 2683 790 2731; x_wconf 83' lang='lat' dir='ltr'>vulgare</span> <span class='ocrx_word' id='word_1_250' title='bbox 831 2689 889 2720; x_wconf 86' lang='lat' dir='ltr'>cst</span> <span class='ocrx_word' id='word_1_251' title='bbox 919 2700 927 2718; x_wconf 90' lang='lat'>:</span> <span class='ocrx_word' id='word_1_252' title='bbox 960 2685 1130 2719; x_wconf 80' lang='lat' dir='ltr'>Furtum</span> <span class='ocrx_word' id='word_1_253' title='bbox 1151 2681 1296 2732; x_wconf 81' lang='lat' dir='ltr'>furca,</span> <span class='ocrx_word' id='word_1_254' title='bbox 1331 2685 1368 2719; x_wconf 89' lang='lat' dir='ltr'>h.</span> <span class='ocrx_word' id='word_1_255' title='bbox 1399 2697 1432 2721; x_wconf 86' lang='lat' dir='ltr'>e.</span> <span class='ocrx_word' id='word_1_256' title='bbox 1470 2686 1635 2720; x_wconf 84' lang='lat' dir='ltr'>Furtum</span> <span class='ocrx_word' id='word_1_257' title='bbox 1668 2682 1866 2732; x_wconf 82' lang='lat' dir='ltr'>plectitur</span> 
     </span>
     <span class='ocr_line' id='line_1_32' title="bbox 209 2744 1869 2802; baseline 0.004 -22"><span class='ocrx_word' id='word_1_258' title='bbox 209 2744 339 2782; x_wconf 85' lang='lat' dir='ltr'>furca.</span> <span class='ocrx_word' id='word_1_259' title='bbox 379 2751 415 2786; x_wconf 85' lang='lat' dir='ltr'><strong>A</strong></span> <span class='ocrx_word' id='word_1_260' title='bbox 443 2764 521 2798; x_wconf 87' lang='lat' dir='ltr'>quo</span> <span class='ocrx_word' id='word_1_261' title='bbox 552 2765 672 2789; x_wconf 82' lang='lat' dir='ltr'>sensu</span> <span class='ocrx_word' id='word_1_262' title='bbox 704 2766 788 2789; x_wconf 90' lang='lat' dir='ltr'>non</span> <span class='ocrx_word' id='word_1_263' title='bbox 815 2753 1013 2790; x_wconf 77' lang='lat' dir='ltr'>abhorret</span> <span class='ocrx_word' id='word_1_264' title='bbox 1047 2760 1089 2791; x_wconf 81' lang='lat' dir='ltr'>et</span> <span class='ocrx_word' id='word_1_265' title='bbox 1113 2755 1212 2791; x_wconf 86' lang='lat' dir='ltr'>haec</span> <span class='ocrx_word' id='word_1_266' title='bbox 1238 2754 1470 2802; x_wconf 80' lang='lat' dir='ltr'>paroemia:</span> <span class='ocrx_word' id='word_1_267' title='bbox 1503 2754 1672 2802; x_wconf 82' lang='lat' dir='ltr'>Populus</span> <span class='ocrx_word' id='word_1_268' title='bbox 1694 2754 1869 2789; x_wconf 77' lang='lat' dir='ltr'>scelestus</span> 
     </span>
    </p>
   </div>
   <div class='ocr_carea' id='block_1_6' title="bbox 224 2817 1607 2874">
    <p class='ocr_par' dir='ltr' id='par_1_7' title="bbox 224 2817 1607 2874">
     <span class='ocr_line' id='line_1_33' title="bbox 224 2817 1607 2874; baseline 0.007 -25"><span class='ocrx_word' id='word_1_269' title='bbox 224 2817 463 2856; x_wconf 78' lang='lat' dir='ltr'>calamitates</span> <span class='ocrx_word' id='word_1_270' title='bbox 488 2824 713 2871; x_wconf 61' lang='lat' dir='ltr'>populares,</span> <span class='ocrx_word' id='word_1_271' title='bbox 743 2823 815 2860; x_wconf 87' lang='lat' dir='ltr'>ubi</span> <span class='ocrx_word' id='word_1_272' title='bbox 839 2823 961 2860; x_wconf 81' lang='lat' dir='ltr'>facilc</span> <span class='ocrx_word' id='word_1_273' title='bbox 985 2830 1045 2861; x_wconf 82' lang='lat' dir='ltr'>cst</span> <span class='ocrx_word' id='word_1_274' title='bbox 1072 2824 1259 2873; x_wconf 84' lang='lat' dir='ltr'>supplere</span> <span class='ocrx_word' id='word_1_275' title='bbox 1287 2824 1385 2870; x_wconf 79' lang='lat' dir='ltr'>luet,</span> <span class='ocrx_word' id='word_1_276' title='bbox 1410 2825 1607 2874; x_wconf 68' lang='lat' dir='ltr'>persolvet.</span> 
     </span>
    </p>
   </div>
   <div class='ocr_carea' id='block_1_7' title="bbox 1917 0 1976 3298">
    <p class='ocr_par' dir='ltr' id='par_1_8' title="bbox 1917 0 1976 3298">
     <span class='ocr_line' id='line_1_34' title="bbox 1917 0 1976 3298; baseline 0 0"><span class='ocrx_word' id='word_1_277' title='bbox 1917 0 1976 3298; x_wconf 95' lang='lat' dir='ltr'> </span> 
     </span>
    </p>
   </div>
  </div>
 </body>
</html>
