1976 3298
215 127 273 174 32
640 137 1047 169 PHILODEMI
1099 137 1311 168 Lmen
1363 136 1432 168 Ιν-

374 240 445 277 μεν
469 222 738 266 wiffam-rma
767 236 894 260 αυτων
1063 229 1160 261 erat.
1233 224 1417 272 Namque
1462 223 1647 271 profecto
1689 229 1868 272 propter‘

296 297 342 334 55
375 294 459 332 ουδὲ
489 297 816 349 πολλοςημοξιον
845 306 894 329 ω-
1062 295 1244 342 ipsorum
1262 292 1471 330 suadelam
1497 305 1547 330 ne
1566 293 1738 330 minima
1767 295 1856 342 qui-

374 372 504 411 φειλον
527 375 697 399 εκτεινειν
713 386 724 405 a
751 358 819 398 δια
844 359 884 399 δὲ
1064 363 1155 400 dem
1176 369 1291 411 parte
1309 362 1511 400 debebam
1529 375 1592 399 me
1609 363 1856 407 extendere;

374 447 443 471 την
468 425 589 482 ὃοξαν
610 445 686 468 των
709 445 895 488 ’προςαν-
1063 434 1132 471 sed
1177 439 1345 482 propter
1393 433 1632 481 opinionem
1681 445 1823 469 eorum
1856 460 1867 479 ,

374 517 475 546 των,
508 515 574 538 και
598 515 666 539 την
694 515 769 539 των
789 506 906 537 ‘fa->xu-
1064 504 1135 551 qui
1169 507 1385 551 praesunt,
1426 507 1467 539 et
1503 508 1672 551 propter
1708 504 1859 539 multo-

376 586 460 617 ςων
487 583 852 621 συνκατακοσμκσιν
1063 583 1154 607 rum
1184 571 1397 607 hominum
1424 572 1787 617 constitutionem,
1819 577 1862 609 et

296 650 348 688 [10
378 639 620 698 ανθξωπων,
650 654 715 677 και
739 654 807 677 τον
832 646 971 687 λεγον-
1064 646 1234 689 propter
1254 641 1362 676 huuc
1380 667 1389 684 ‚
1421 642 1491 688 qui
1510 642 1719 678 mirabilia
1745 655 1861 691 prae-

376 726 432 749 τοι
452 710 693 762 θαυμάσιοι.
711 736 722 747 .
743 735 753 746 .
774 724 790 747 o
815 735 825 745 .
844 735 855 746 .
877 734 888 745 .
911 705 1012 745 vet&
1067 709 1180 746 dieat
1217 737 1860 748 .................

379 806 565 818 .....
589 792 958 816 τε......εω

380 875 567 887 .....
599 864 1863 887 καί,

259 957 318 1012 Ε
341 951 558 1009 scholiis
591 949 787 1009 Caroli
819 950 1052 1006 Rosinii
1083 948 1137 1002 in
1169 948 1476 1003 columnam
1502 951 1834 1008 XXXVI.

289 1065 398 1127 (V.
437 1082 512 1130 29·
551 1076 825 1131 Δημεκςιτος
857 1086 896 1113 κ.
928 1082 973 1114 τ.
1009 1074 1053 1112 λ.
1084 1060 1104 1123 )
1142 1060 1261 1110 Non
1289 1062 1541 1111 immerito
1579 1063 1728 1110 tantis
1767 1065 1873 1110 lau-

224 1152 374 1200 dibus
406 1148 759 1197 Democritum
795 1145 1085 1209 Epicureus
1118 1145 1301 1195 Noster
1333 1158 1542 1206 mactat,
1586 1166 1738 1212 quem
1773 1166 1876 1194 ma-

224 1237 377 1299 gistro
403 1252 495 1282 suo
515 1233 568 1280 in
587 1232 844 1296 pluribuS,
868 1239 917 1278 et
939 1230 1205 1294 praecipue
1235 1230 1289 1278 in
1313 1239 1597 1278 atomorum
1621 1232 1846 1278 doctrina
1863 1268 1876 1291 ,

224 1319 492 1385 praeivisse
513 1355 524 1377 ,
560 1314 759 1364 diffiteri
790 1333 896 1362 non
929 1323 1135 1378 poterat.
1175 1314 1294 1382 Qua
1318 1317 1379 1363 de
1407 1333 1458 1364 re
1497 1314 1699 1362 Tullius
1724 1314 1776 1375 I,
1810 1318 1873 1365 de

225 1405 338 1452 Fin.
372 1422 473 1466 cap.
509 1400 538 1448 6
575 1422 586 1449 :
630 1398 932 1447 Democrito
964 1398 1273 1462 (Epicurus
1305 1399 1336 1462 )
1367 1400 1571 1462 adjicit,
1609 1417 1876 1464 perpauca

227 1499 459 1546 mutans,
489 1487 578 1534 sed
604 1485 694 1545 ita,
731 1494 785 1531 ut
810 1502 893 1545 ea,
919 1502 1051 1548 quae
1077 1485 1343 1555 corrigere
1369 1486 1499 1545 vult,
1529 1485 1656 1531 mihi
1672 1485 1879 1548 quidem

229 1574 510 1636 depravare
556 1569 804 1618 videatur.
866 1569 932 1616 Et
968 1568 1096 1616 infra
1131 1591 1141 1616 :
1178 1569 1470 1633 Epicurus,
1504 1569 1555 1615 in
1586 1569 1773 1633 quibus
1807 1587 1883 1616 se-

229 1657 415 1721 quitur
471 1653 836 1701 Democritum
857 1690 869 1713 ,
930 1671 1035 1700 non
1070 1651 1195 1718 sere
1255 1654 1462 1700 labitur.
1530 1654 1882 1702 Democritum

231 1750 400 1789 autem
429 1742 560 1787 inter
588 1738 685 1785 alia
706 1738 973 1785 innumera
1001 1737 1151 1786 etiam
1176 1739 1368 1790 musica
1389 1747 1620 1787 tractasse
1637 1776 1648 1798 ,
1678 1739 1884 1786 librum-

233 1844 358 1892 que,
403 1823 486 1871 cui
520 1823 698 1870 titulus
734 1843 834 1890 περι
870 1825 1049 1891 ἑυθμων
1086 1846 1160 1887 καί
1187 1821 1422 1891 &pluma-773,
1462 1824 1520 1869 de
1552 1822 1803 1889 l'hylhlnis
1842 1829 1888 1866 εἰ

235 1908 540 1964 harmonia,
578 1909 872 1966 adornasse,
906 1915 1142 1954 testatum
1179 1907 1297 1954 facit
1325 1906 1584 1966 Laertius,
1618 1907 1748 1954 libro
1782 1906 1885 1966 1X3

235 1996 372 2042 unde
400 1994 493 2041 ista
521 1993 752 2051 fortasse,
788 2008 917 2056 quae
952 1991 1136 2040 Noster
1161 1991 1361 2051 recitat,
1399 1994 1627 2040 desumta
1656 2000 1785 2038 sunt.

304 2079 402 2142 (V.
430 2078 507 2125 35.
539 2075 816 2144 νεωτεςοιν.)
852 2075 1273 2140 Antiquissimam
1297 2084 1575 2138 Μουσοφιλοι
1601 2093 1710 2123 eam
1732 2082 1887 2122 artem

240 2163 595 2231 praedicabant
623 2198 634 2220 ,
684 2178 811 2225 quos
851 2160 982 2208 inter
1026 2158 1191 2207 Plato.
1257 2160 1338 2207 Sic
1381 2159 1647 2206 Maximus
1698 2157 1888 2225 Tyrius

241 2247 533 2297 Platonicus
571 2245 711 2292 illam
748 2245 1066 2313 πςεσξυτοιτον
1102 2266 1192 2297 των
1225 2267 1269 2295 εν
1302 2244 1444 2308 ψυχῃ
1488 2238 1890 2306 επιτηὸευμσιτων,

245 2329 657 2396 antiquissimam
722 2327 950 2374 omnium
1022 2327 1183 2374 animi
1238 2327 1630 2390 disciplinarum
1664 2363 1676 2386 ,
1733 2325 1854 2373 dicit
1881 2339 1892 2366 Ξ

247 2413 582 2467 Democritus
624 2422 797 2460 contra
829 2411 1118 2480 juniorem,
1161 2412 1345 2478 quippe
1384 2429 1492 2460 eam
1531 2429 1637 2458 non
1674 2427 1895 2458 necessa-

249 2503 375 2552 riam
396 2538 408 2560 ,
443 2500 530 2547 sed
563 2498 692 2545 inter
730 2497 981 2561 superflua
1009 2498 1226 2546 haberet.
1287 2495 1578 2544 Necessaria
1610 2494 1746 2543 enim
1783 2510 1895 2558 pro·
1950 2514 1953 2517 “

250 2587 382 2634 secto
421 2592 538 2631 sunt
577 2581 938 2647 antiquissima.

321 2670 340 2732 (
372 2669 435 2718 V.
468 2668 544 2730 37.
578 2689 638 2731 μη
675 2687 896 2734 aaronque>
936 2690 974 2716 κ.
1014 2689 1058 2718 τ.
1096 2665 1187 2728 λ.)
1236 2664 1516 2713 Democriti
1560 2663 1715 2727 ipsius
1746 2661 1898 2710 verba

254 2755 433 2818 procul
473 2751 630 2798 dubio
675 2760 791 2800 sunt
840 2752 962 2800 haec
992 2787 1004 2810 ‚
1049 2760 1223 2817 utpote
1265 2768 1418 2815 quem
1459 2744 1637 2808 ιωνιζειν
1682 2748 1738 2797 in
1773 2762 1899 2796 voce

261 2857 513 2904 πεξιευντος
543 2833 699 2886 Vides·
