1976 3298
688 194 777 225 DE
843 194 1160 229 MUSICA.
1684 196 1740 229 11

100 279 221 331 tavit
245 279 304 327 cl.
332 277 549 337 Jacobs,
590 279 622 326 l.
661 279 741 326 cit.
773 297 880 343 pag.
918 295 1047 339 244-
1073 282 1179 328 250.
1219 278 1542 340 Athenaeus,
1578 277 1636 329 L.
1666 280 1744 342 X,

101 364 217 411 citat
251 362 537 410 Philoclemi
575 379 748 426 opera,
790 363 1030 410 nimirum
1066 365 1254 411 librum
1299 364 1403 424 III,
1441 387 1530 417 των
1569 387 1612 414 εν
1644 360 1751 434 Ροδῳ

98 448 320 508 Σμινθιων
338 486 351 507 ,
393 456 441 495 et
472 447 658 494 librum
685 446 759 505 X,
796 468 877 503 της
911 467 1001 499 των
1026 456 1284 510 Φιλοσοφων
1315 446 1576 515 συνταξεως
1595 485 1607 507 ,
1651 465 1743 497 Seu

98 529 353 577 ordinatae
372 530 788 594 philosophorum
810 530 982 589 seriei,
996 531 1134 594 quod
1150 548 1273 594 opus
1290 568 1300 590 ,
1316 529 1486 597 judice
1504 531 1714 579 Rosinio
1729 568 1745 592 ,

98 611 264 660 forsan
301 614 354 660 in
382 615 643 662 volumine
672 613 1072 672 Herculanensi,
1109 613 1278 676 gladio
1318 614 1545 663 bifariam
1581 625 1746 676 seem,

96 697 514 760 comprehensum
534 697 655 757 fuit,
686 695 829 763 cujus
860 697 1102 759 integram
1126 699 1441 756 columnam,
1467 707 1515 746 et
1542 699 1746 747 alterius

95 789 286 843 partem
337 781 651 844 elegantibus
696 782 926 845 scriptam
967 781 1158 844 graecis
1214 781 1580 829 characteribus
1627 786 1745 831 clar.

93 861 400 911 Mazoclzius
434 864 673 928 explicuit
707 874 756 913 et
793 865 1210 913 commentariolo
1239 865 1520 912 illustravit.

165 948 418 1016 Quartum
454 951 609 997 hocce
635 947 926 996 Philodemi
956 969 1058 1018 περι
1095 971 1303 1013 'unowanus
1335 952 1578 998 volumen
1610 950 1748 998 haud

97 1033 336 1080 ultimum
369 1051 475 1082 esse
503 1043 718 1093 constat,
751 1043 859 1081 tum
892 1042 942 1082 et
972 1031 1199 1099 ejusdem
1233 1032 1352 1080 libri
1384 1032 1747 1093 conclusione,

96 1135 198 1181 qua
222 1118 476 1167 adseverat
504 1127 700 1179 auctor,
738 1118 870 1166 nihil
905 1135 1106 1177 eorum,
1138 1134 1267 1182 quae
1296 1115 1558 1187 Diogenes
1581 1116 1747 1183 Baby-

93 1200 269 1248 lonius
290 1223 396 1269 περ
418 1210 566 1265 φωνης
592 1202 873 1252 venditaret
889 1238 901 1261 ,
936 1218 986 1250 se
1014 1202 1396 1266 praeteriturum
1416 1238 1427 1259 ,
1460 1203 1545 1249 sed
1568 1218 1685 1249 eum
1716 1217 1748 1250 e

95 1285 308 1348 vestigio
329 1295 617 1334 secuturum
639 1303 744 1335 esse
768 1304 785 1346 3
816 1295 924 1333 tum
953 1304 1012 1335 ex
1035 1285 1136 1333 illis
1157 1321 1169 1345 ,
1197 1301 1327 1349 quae
1351 1288 1446 1332 col.
1464 1285 1540 1336 VI
1567 1294 1617 1334 et
1637 1286 1751 1336 VII

94 1366 152 1414 in
177 1385 228 1415 se
251 1379 527 1432 receperat,
556 1388 685 1435 quae
713 1370 913 1434 reliquo
942 1371 1040 1417 hoc
1068 1369 1200 1417 libro
1231 1368 1441 1417 minime
1471 1379 1708 1432 praestat.>
1727 1379 1748 1403 1

93 1450 159 1498 In
184 1454 422 1500 columna
438 1453 641 1513 XXIV,
670 1472 715 1502 v.
733 1453 784 1513 5,
815 1453 932 1500 citat
944 1451 1276 1499 Philodemus
1303 1453 1492 1501 librum
1512 1453 1715 1501 tertium
1731 1489 1748 1514 ,

92 1543 145 1585 et
168 1538 262 1583 col.
278 1536 527 1597 XXXIV,
550 1553 596 1586 v.
629 1554 710 1597 22,
732 1537 921 1585 librum
950 1526 1254 1596 secundum,
1276 1558 1366 1590 των
1392 1535 1746 1601 ὑπομνημκτων.

97 1618 200 1667 Sed
227 1639 353 1668 num
383 1638 442 1669 ea
461 1619 777 1686 ὑπομνηματω
808 1622 1009 1686 (inquit
1034 1625 1125 1670 cel.
1153 1620 1359 1682 Rosini,
1389 1640 1498 1685 pag.
1526 1623 1654 1684 104)
1684 1623 1747 1669 ad

93 1719 202 1750 rem
234 1721 439 1769 quoque
466 1705 719 1752 Musicam
748 1705 1109 1769 pertinuerint,
1142 1723 1206 1752 an
1243 1706 1310 1752 ad
1338 1704 1554 1769 quodvis
1581 1705 1747 1766 aliud,

91 1787 335 1851 expiscari
371 1807 476 1836 non
507 1789 744 1848 licuerat,
781 1789 945 1837 donec
971 1807 1134 1836 unum
1171 1797 1220 1837 et
1245 1790 1457 1837 alterum
1483 1791 1746 1837 evolutum

94 1880 170 1919 est
200 1875 444 1922 volumen
479 1890 596 1920 cum
634 1872 784 1920 titulo
817 1870 1155 1937 ὑπομνημκτων
1188 1892 1289 1940 περι
1326 1875 1564 1942 ῥητορικῆς.
1614 1872 1748 1921 Cum

93 1956 231 2004 enim
253 1954 357 2022 jam
373 1957 567 2020 pridem
592 1959 795 2005 evoluta
820 1957 984 2004 adhuc
1002 1965 1170 2005 essent
1185 1955 1335 2016 bina,
1354 1955 1543 2020 quihus
1570 1955 1747 2004 titulus

93 2040 368 2105 adscriptus
386 2049 489 2090 erat
506 2042 737 2089 absolute
750 2062 850 2108 περι
868 2043 1094 2110 ῥητοςικης
1107 2079 1120 2102 ,
1135 2040 1467 2103 cognovimus
1482 2076 1492 2098 ,
1508 2038 1747 2089 Nostrum

91 2126 416 2174 consuevisse
459 2126 521 2174 de
558 2126 739 2174 eodem
772 2134 1106 2188 argumento,
1143 2126 1285 2190 quod
1320 2125 1429 2173 fuse
1464 2132 1746 2185 tractasset,

93 2208 245 2256 etiam
271 2230 339 2262 τοι
365 2207 718 2272 ὑπομνηματοι(
741 2207 1161 2271 Commentaria)
1193 2210 1451 2256 adornare.
1488 2209 1552 2265 In
1576 2206 1747 2275 hujus-

92 2293 233 2340 modi
267 2302 438 2341 autem
475 2291 867 2340 Commentariis
911 2293 1044 2341 nihil
1080 2293 1252 2352 aliud,
1291 2311 1444 2356 quam
1488 2295 1745 2356 generales

75 2379 341 2441 'quaedam
391 2385 441 2425 et
492 2377 637 2441 quasi
673 2377 1048 2441 praeliminares
1103 2376 1424 2442 quaestiones
1478 2393 1596 2424 eum
1637 2393 1746 2440 per.-

91 2469 321 2509 tractasse
343 2497 355 2521 ,
387 2460 580 2508 indici-o
608 2461 758 2508 nobis
790 2470 907 2508 sunt
942 2461 1090 2508 citata
1121 2462 1224 2508 duo
1254 2460 1518 2509 volumina
1549 2458 1741 2524 ὑπομνη-

147 2676 163 2700 1
196 2664 289 2701 Non
316 2664 464 2709 video,
495 2665 702 2714 quomodo
734 2665 921 2704 erudi'tus
952 2666 1132 2703 Rosinius
1159 2668 1288 2704 verba
1319 2666 1395 2702 colss
1415 2665 1609 2710 XXXVI,
1637 2674 1746 2701 vers.

91 2736 159 2780 28,
184 2739 306 2782 λογον
327 2730 485 2792 ἕτερον,
511 2736 593 2771 alia
618 2736 768 2772 ratione
790 2742 924 2774 sumat
943 2749 1027 2787 pro·
1044 2732 1176 2796 ἐτεςιν
1197 2734 1342 2782 βιβλον
1368 2722 1464 2771 libro
1485 2734 1592 2781 ωῑὶο,
1617 2746 1741 2783 quem

91 2803 332 2857 promittere
365 2809 487 2857 putat
515 2804 812 2844 Philodemum.
