1976 3298
267 208 331 256 38
556 221 944 255 EXPLICATIO
992 222 1329 254 LAMELLAE
1375 222 1620 255 AENEAE

263 307 500 367 Mincon‚
521 307 920 354 Armoxidamus
935 344 946 366 ‚
964 307 1353 379 Agatharchus,
1368 307 1585 368 Onalos,
1604 307 1877 372 Epicurus.
1893 318 1908 342 1

261 389 357 439 Pro
390 392 458 438 dii
495 392 826 451 immortales,
859 393 1006 457 quale
1031 401 1376 456 quantumque
1412 392 1634 440 virorum
1668 389 1905 440 examen!

259 474 336 523 Ne
366 475 469 538 ipse
501 475 707 539 quidem
736 475 1048 535 Deucalion,
1094 476 1230 523 iactis
1258 486 1369 540 post
1405 486 1596 540 tergum
1630 477 1906 540 lapidibus,

258 568 331 606 tot
359 576 462 606 uno
495 567 714 622 tempore
746 560 1006 623 protulerit
1034 576 1204 606 mares.
1257 560 1618 608 Verumtamen
1649 559 1773 607 mihi
1800 577 1905 606 non

257 652 328 690 est
361 642 555 690 animus
581 644 753 691 sunem
786 644 866 690 hic
897 643 1269 690 contentiosum
1299 645 1478 691 ducere
1506 663 1518 701 3
1554 644 1796 708 quisque,
1820 659 1906 706 per

255 743 335 773 me
355 725 496 786 licet,
524 743 611 773 sua
638 727 826 774 fruatur
845 725 1100 789 opinione.
1125 725 1401 792 Quocirca,
1419 727 1478 773 de
1500 725 1674 773 alienis
1694 726 1902 772 minime

255 809 529 870 sollicitus,
564 827 674 857 mea
702 811 883 857 tuebor
906 818 981 868 et,
1018 819 1285 874 postquam
1311 809 1531 872 singulas
1565 810 1901 873 inscriptionis

251 894 553 942 extricavero
583 912 755 953 voce3,
791 903 839 941 et
868 894 921 941 in
951 911 1043 941 suo
1071 894 1263 942 lumine
1293 911 1534 958 posuero,
1566 911 1726 942 meam
1754 894 1904 940 inter-

249 978 580 1041 pretationem
600 978 799 1037 lectori,
823 978 876 1025 in
902 986 1129 1025 neutram
1150 988 1335 1041 partem
1356 979 1575 1036 adfecto,
1609 995 1899 1042 proponam.

316 1071 488 1114 ΘΕΟΣ.
525 1062 858 1126 Ecquodnam
890 1078 1082 1109 numen
1110 1063 1516 1111 subaudiendum
1544 1061 1564 1110 ?
1610 1062 1727 1109 Non
1760 1062 1898 1108 aliud

247 1146 493 1209 profecto,
522 1145 618 1192 nisi
644 1166 881 1213 επιχωςιον
911 1145 1111 1207 (locale)
1133 1183 1144 1205 ‚
1165 1145 1293 1193 illud
1314 1147 1529 1206 scilicet,
1552 1145 1693 1213 cujus
1717 1147 1894 1207 religio

249 1229 478 1276 omnium
523 1229 803 1276 incolarum
841 1227 1084 1295 cujusque
1118 1229 1337 1292 regionis
1381 1230 1575 1276 animos
1613 1237 1892 1293 occuparat.

245 1312 458 1359 Athenis
484 1329 525 1360 e.
550 1331 593 1375 g.
629 1323 740 1364 Θεος
763 1329 850 1376 per
880 1313 1278 1360 antonomasiam
1307 1315 1577 1361 denotabat
1598 1314 1894 1362 Minervam.

245 1397 442 1460 Spartae
481 1408 597 1456 Σιοι,
628 1415 717 1460 pro
758 1397 1015 1444 communi
1058 1397 1272 1444 dialecto
1310 1408 1445 1457 Θεοι,
1487 1398 1897 1460 intelligebantur

246 1478 431 1527 Castor
460 1490 507 1528 et
525 1479 724 1527 Pollux.
766 1493 1018 1549 Επιχωςισς
1034 1492 1171 1541 Θεος,
1197 1480 1404 1528 Platoni
1425 1483 1485 1529 de
1504 1482 1717 1545 Republ.
1743 1483 1786 1539 Ι,
1820 1489 1893 1528 cst

241 1564 358 1611 Dea
372 1565 548 1628 patria
578 1566 597 1628 (
620 1565 718 1613 vid.
741 1565 1051 1612 Scholiasten
1076 1566 1305 1630 Thucyd‚
1329 1584 1435 1628 pag.
1468 1565 1529 1623 54
1548 1602 1559 1624 ‚
1589 1565 1704 1613 edit.
1726 1564 1893 1627 Steph.

238 1647 607 1710 Spanlzemium
636 1651 696 1695 ad
729 1647 1034 1696 Callimachi
1055 1651 1223 1714 hymn.
1243 1649 1298 1696 in
1323 1650 1602 1708 Palladem,
1635 1666 1758 1697 vers.
1783 1662 1841 1705 24
1857 1647 1892 1709 ).

238 1734 415 1797 Itaque
450 1733 637 1780 ineerta
672 1743 783 1785 Θεου
815 1733 956 1781 notio
994 1731 1144 1799 hujus
1178 1733 1467 1796 epigraphes
1502 1733 1788 1782 definienda
1816 1738 1889 1779 est

240 1834 299 1867 ex
322 1817 506 1880 patriO,
530 1817 682 1864 ferme
707 1815 941 1876 dixerim,
966 1819 1075 1864 solo
1096 1817 1250 1880 ipsius
1278 1820 1521 1866 lamellae.
1561 1817 1702 1865 Haec
1720 1827 1887 1864 autem

237 1903 436 1949 lamella
464 1901 517 1947 in
544 1903 710 1948 lucem
736 1901 920 1964 prodiit
941 1920 980 1947 a.
1008 1901 1128 1962 1753
1147 1939 1158 1960 7
1187 1902 1240 1948 in
1260 1919 1375 1965 agro
1398 1901 1640 1949 Petelino.
1677 1902 1886 1947 Exstant

236 1984 374 2032 urbis
394 1984 599 2032 Petiliae
621 1984 817 2031 nummi
846 1985 975 2032 acrei
1007 1994 1055 2032 et
1081 1985 1325 2047 argentei,
1356 2003 1529 2048 graece
1556 1988 1820 2050 loquentes
1838 1992 1886 2032 et

232 2155 449 2190 Litteracur
477 2155 557 2189 und
587 2156 735 2198 Kuust3
769 2155 971 2204 Goetting.
1003 2158 1122 2204 1789,
1155 2159 1186 2192 8.
1206 2168 1291 2204 pag.
1324 2169 1399 2204 1-9
1419 2183 1428 2200 ‚
1463 2169 1555 2192 cum
1588 2156 1727 2192 tabula
1754 2168 1883 2192 aenea

232 2224 590 2261 Siebenkeesiana.
630 2225 861 2273 Numquam
884 2238 981 2261 sanc
1008 2237 1081 2274 pro
1109 2231 1257 2262 tessera
1281 2225 1475 2274 hospitali
1510 2226 1662 2271 hancce
1686 2225 1886 2262 laminam

232 2294 382 2337 habui,
413 2293 536 2342 idque
567 2273 1020 2342 sacpius⁴5iehenffkeesi0‚
1057 2296 1232 2331 multum
1263 2295 1513 2345 refraganti,
1540 2294 1879 2343 significaveram.

230 2365 276 2400 In
311 2363 453 2411 primis
483 2362 591 2398 haud
626 2364 728 2399 mihi
755 2363 976 2401 adridebat
1011 2365 1133 2401 lectio
1164 2370 1255 2407 Θεος
1291 2378 1423 2415 Toka,
1456 2370 1496 2401 et
1520 2369 1560 2400 Ψ
1587 2365 1673 2401 sive
1698 2365 1883 2401 litteram

231 2438 387 2469 sextam
413 2433 592 2469 laminae
613 2445 696 2469 esse
725 2442 753 2473 Χ
773 2451 779 2476 3
807 2435 907 2470 utin
934 2440 1076 2483 patera
1097 2440 1258 2471 etrusca
1281 2447 1343 2481 ap.
1362 2435 1598 2470 lVinckelm.
1617 2435 1880 2471 Monumenti
1941 2472 1943 2474 ,

232 2503 389 2539 antichi
408 2502 581 2547 inediti,
612 2516 650 2538 n.
684 2504 775 2547 153,
803 2518 840 2552 p.
864 2512 946 2551 174.
976 2506 1173 2541 Attamen
1206 2501 1410 2553 (ingenue
1425 2501 1587 2552 fateor)
1610 2504 1718 2540 haud
1733 2503 1883 2550 video,

232 2584 305 2608 cur
330 2573 372 2608 in
398 2583 517 2608 versu
547 2573 725 2610 laminae
755 2575 929 2621 septimo
958 2574 1103 2612 eadem
1132 2575 1273 2611 littera
1302 2574 1455 2612 debeat
1482 2586 1566 2612 esse
1597 2577 1627 2610 T
1658 2587 1709 2612 ex
1738 2580 1876 2613 mente

231 2642 280 2680 cl.
310 2642 508 2691 Ignari-ae.
554 2645 610 2677 M.

288 2726 300 2748 1
336 2715 426 2753 Θεος
453 2725 566 2763 τυχοι
594 2715 740 2755 Σαιωτις
767 2709 897 2749 &dom
926 2717 1105 2763 Etnoeavtqe
1131 2728 1207 2752 ταν
1236 2727 1360 2751 οικιοιν
1389 2727 1455 2751 και

332 2776 486 2819 τάλλα
511 2796 648 2819 »ταντα
677 2788 899 2839 Δαμιορφος
927 2790 1158 2838 Παραγορας
1185 2778 1386 2840 apogeum,

333 2855 486 2889 Μινκων
514 2845 797 2907 Αρμοξιδὶιμος
827 2852 1102 2906 Αγαθειρχος,
1133 2859 1315 2898 Ova-mg,
1345 2859 1536 2910 Επικορος.
