1976 3298
266 111 329 170 48
530 128 944 161 EXPLICATIO
1000 129 1352 174 LAMELLAE
1402 133 1662 167 AENEAE

257 212 537 280 publicatis
575 214 766 259 audivit
796 223 870 272 et,
914 214 967 260 id
991 216 1134 277 quod
1175 234 1272 263 usu
1305 228 1530 278 venerat,
1571 220 1905 285 Eumolpidas
1974 249 1976 258 <

265 297 551 345 sacerdotes
589 315 618 343 a
651 298 847 360 populo
888 307 1089 345 coactos
1113 337 1124 359 ,
1173 310 1228 346 nt
1258 318 1310 347 se
1343 301 1655 363 devoverent,
1696 306 1907 370 ejusque
1974 312 1976 356 Ϊ

267 381 570 438 devotionis,
611 382 714 444 'quo
754 381 984 429 testatior
1017 392 1141 430 esset
1179 385 1424 431 memoria
1447 422 1458 444 ,
1499 388 1811 450 exemplum,
1850 391 1905 440 in

266 469 368 532 pila
395 465 589 528 lapidea
623 465 841 513 incisam
862 503 874 525 ,
907 484 1011 513 esse
1044 467 1269 530 positam
1306 468 1357 514 in
1383 469 1618 531 publico,
1656 470 1909 519 Lacedae-

268 568 464 598 monem
510 549 822 619 demigravit.
880 551 977 599 Sed
1020 562 1221 614 postea,
1272 553 1473 600 mutatis
1514 555 1689 618 populi
1730 557 1908 604 studiis

269 637 414 699 (cap.
451 633 563 696 6),
611 633 844 681 restituta
895 634 1016 681 huic
1060 635 1268 697 publice
1316 636 1474 696 bona,
1529 637 1778 703 iidemque
1836 640 1912 686 illi

268 717 604 780 Eumolpidae
626 719 911 765 sacerdotes
939 736 1128 765 rursus
1152 736 1419 766 resacrare
1448 730 1569 767 sunt
1597 723 1784 783 coacti,
1819 724 1911 787 qui

269 821 384 850 eum
409 803 731 862 devoverant,
768 803 1000 867 pilaeque
1029 803 1144 851 illac
1164 841 1176 860 ‚
1210 803 1261 849 in
1291 805 1478 868 quibus
1512 807 1702 854 devotio
1719 805 1911 871 suerat

269 887 492 951 scripta,
521 887 571 933 in
605 904 746 933 mare
765 887 1152 950 praecipitatae.
1182 897 1193 919 ¹

339 972 479 1039 Quid
516 971 710 1018 Sicania
743 971 990 1034 peccarit,
1027 981 1044 1002 2
1087 971 1299 1019 divinari
1341 974 1558 1038 nequit3
1599 984 1765 1024 tamen
1804 976 1913 1044 ejus
1973 984 1976 1013 ἱ

270 1057 460 1105 crimen
489 1055 698 1118 dignum
724 1064 795 1101 est
818 1055 981 1102 visum
1002 1091 1013 1113 ,
1038 1057 1175 1120 quod
1197 1057 1373 1104 exsilio
1399 1061 1709 1121 plecteretur.
1758 1061 1916 1108 Inter-

271 1142 461 1189 dictum
511 1139 569 1185 de
613 1147 737 1185 tecto
786 1147 831 1184 et
878 1137 992 1184 aliis
1039 1138 1450 1204 quibuscamque
1500 1143 1545 1190 ei
1590 1144 1914 1205 praestandis

272 1227 401 1273 hanc
442 1241 559 1271 sane
605 1240 818 1286 poenam
862 1223 1097 1286 supponit
1143 1245 1152 1270 :
1203 1225 1631 1288 quemadmodum
1681 1226 1870 1275 Romae
1901 1264 1914 1286 ,

273 1310 458 1374 quibus
497 1325 635 1372 aqua
675 1317 721 1354 et
760 1306 870 1377 igni
905 1307 1324 1367 interdicebatur,
1370 1309 1404 1356 ii
1437 1309 1686 1357 civitatem
1726 1312 1917 1359 amitte-

272 1397 396 1444 bant
423 1402 502 1451 et,
542 1410 658 1440 cum
694 1394 804 1439 solo
837 1398 947 1440 ae‘re
982 1392 1149 1440 vivere
1187 1411 1294 1440 non
1325 1403 1555 1456 possent,
1591 1411 1684 1443 nec
1715 1395 1783 1441 sas
1815 1404 1918 1443 erat

273 1477 409 1543 ipsos
461 1485 545 1524 aut
586 1486 716 1524 tecto
757 1476 1009 1545 recipere,
1052 1485 1137 1523 aut
1176 1495 1305 1541 aqua
1348 1486 1396 1525 et
1438 1477 1571 1540 igni,
1615 1479 1917 1540 caeterisve,

276 1565 462 1629 quibus
489 1562 590 1609 vita
618 1560 926 1620 continetur,
953 1559 1152 1627 juvare,
1186 1564 1351 1609 solum
1382 1570 1570 1610 vertere
1596 1564 1915 1625 cogebantur.

281 1648 461 1697 Cicero
485 1683 496 1705 ,
531 1663 620 1709 pro
659 1645 811 1691 domo
851 1662 966 1703 sua,
1009 1662 1110 1708 cap.
1141 1645 1218 1691 31.
1280 1644 1558 1693 Confirmat
1597 1648 1724 1693 hanc
1752 1646 1916 1695 exsilii

274 1749 491 1798 poenam
534 1728 864 1776 obnunciatio
904 1728 1044 1776 Deae
1079 1729 1316 1777 Laciniae
1357 1739 1405 1777 et
1440 1730 1672 1793 publicae
1716 1731 1916 1777 calami—

278 1816 390 1864 tatis
416 1813 757 1862 comminatio.
800 1813 944 1861 Adde
975 1814 1071 1859 hoc
1102 1813 1277 1873 etiam,
1305 1814 1576 1860 devotionis
1607 1815 1887 1877 exemplum
1906 1851 1919 1874 ,

281 1917 385 1964 quo
422 1897 651 1944 testatior
679 1904 803 1942 esset
833 1896 1109 1956 memoria,
1151 1897 1204 1944 in
1240 1899 1479 1946 schedula
1516 1915 1670 1946 aenea
1702 1898 1921 1945 incisum

281 1992 327 2030 et
347 1982 576 2047 positum
604 1981 654 2027 in
672 1979 912 2044 publico,
944 1981 1176 2029 certiores
1204 1999 1297 2028 nos
1325 1982 1464 2041 facit,
1497 1981 1746 2029 Sicaniam
1771 1991 1920 2047 atque

339 2203 352 2225 1
398 2187 641 2235 Exemplum
673 2185 969 2222 exsecrationis
997 2190 1224 2222 memoratu
1266 2185 1434 2235 dignum
1466 2184 1567 2220 dant
1604 2185 1783 2219 Teiorum
1818 2185 1924 2220 dirae

281 2257 388 2308 apud
405 2256 588 2295 Chishull
613 2256 654 2290 in
672 2255 879 2303 Antiquit.
908 2255 1099 2291 Asiaticis
1122 2255 1266 2291 Christ.
1296 2265 1432 2292 aeram
1460 2253 1824 2299 antecedentibus5
1852 2254 1922 2290 fol.

282 2326 411 2365 Lond.
447 2327 569 2373 1728,
597 2338 632 2372 p.
664 2324 724 2372 96.
756 2326 810 2359 M.

339 2419 356 2441 2
399 2404 566 2452 Absque
604 2400 730 2437 dubio
766 2401 846 2436 fuit
882 2396 1023 2438 ασεεζιν
1062 2413 1285 2456 κρινομενη,
1325 2412 1394 2437 seu
1437 2396 1511 2437 ὃῖ
1515 2395 1714 2443 meseum,
1755 2404 1925 2447 propter

285 2478 538 2516 contemtum
552 2472 754 2513 Deorum,
778 2477 823 2507 ut
842 2478 980 2519 postea
999 2471 1174 2507 Athenis
1197 2470 1503 2506 adcusabmtur
1517 2470 1687 2518 Aspasia
1707 2474 1747 2506 et
1762 2471 1927 2504 Anaxa·
1953 2484 1955 2512 3

285 2559 398 2597 goras
431 2545 481 2580 ab
518 2541 740 2589 Hermippo
773 2537 786 2588 (
815 2541 1012 2576 Plutarch.
1042 2541 1228 2588 scriptor.
1263 2540 1406 2588 philos.
1434 2541 1473 2574 T.
1502 2542 1577 2584 III,
1611 2539 1672 2575 ed.
1709 2541 1756 2575 H.
1785 2539 1925 2586 Steph.

291 2618 413 2661 1572·
444 2616 594 2661 8,pag.
624 2611 735 2648 1560.
766 2610 942 2646 Eustath.
970 2610 1020 2646 ad
1047 2615 1109 2647 Ιλ.
1134 2613 1195 2654 X,
1222 2623 1259 2657 p.
1295 2623 1334 2646 1
1326 2612 1389 2658 59
1419 2609 1516 2646 edit
1540 2606 1713 2657 Rom..)
1741 2609 1957 2659 Socratesg

286 2699 309 2722 a
337 2683 541 2721 furciferis
569 2682 733 2730 Anyto,
772 2680 915 2717 Melito
946 2686 986 2716 et
1015 2682 1198 2729 Lycone:
1225 2680 1384 2729 Phryne
1417 2682 1467 2716 ab
1498 2679 1647 2716 Euthia
1679 2661 1957 2733 ς»)’(;ορ1)εη]ῑε),ιΙ

291 2760 331 2792 et
359 2752 546 2801 legulei0.
598 2753 650 2789 M,
1788 2794 1790 2797 ι
1949 2753 1959 2804 1

1951 2805 1959 2837 ὲ
