1976 3298
253 138 315 188 56
416 154 741 187 sPEc1MEN
786 154 1024 186 semri.
1071 151 1368 187 GRAECAE
1417 153 1740 186 cuns1VA1:

319 237 482 302 (Ibid.
510 239 598 287 lin.
629 255 670 285 2.
704 237 1007 300 Τεπλιυεως.)
1048 236 1335 302 Teplineos,
1377 240 1805 304 quemadmodum
1843 244 1892 285 et
1938 201 1942 306 ξ

250 331 522 387 Φογημεως,
558 320 873 393 Phogemeos
914 322 969 369 in
1012 323 1105 369 col.
1140 321 1273 383 VII,
1314 322 1526 370 nomina
1564 325 1738 370 eorum
1783 337 1890 369 esse
1939 307 1943 378 ἰ

249 415 522 471 potuerunt
540 443 552 466 ‚
580 406 669 471 qui
703 405 963 469 aggeribus
986 415 997 439 ¹
1021 405 1128 454 Nili
1156 406 1379 455 fluminis
1413 405 1703 454 muniendis
1729 403 1892 452 fossis-

250 510 349 556 que
376 489 643 554 purgandis
675 489 907 554 praefecti
939 498 1091 538 erant.
1138 488 1404 556 Ejusmodi
1429 489 1740 552 magistratus
1768 500 1893 535 tem-

250 586 369 634 ΡΟΓΘ
404 573 681 622 Theodosii
716 572 934 641 junioris
961 583 1244 642 λσὙοῪςαφοι
1277 595 1367 627 των
1402 595 1644 638 χωμσιτων
1675 573 1892 635 adpella-

247 661 459 718 bantur,
493 675 771 723 eorumque
799 656 1031 706 meminit
1071 656 1246 705 Codex
1275 657 1529 705 Theodos.
1557 656 1651 718 (L.
1677 656 1779 715 XI,
1815 655 1888 703 tit.

253 757 316 802 24
351 742 410 789 de
436 741 741 806 patrociniis
773 741 1008 789 vicorum
1031 777 1044 800 ,
1083 759 1191 805 pag.
1238 740 1329 789 188
1357 741 1393 803 ).
1441 741 1557 788 Hoc
1588 758 1773 788 munus
1797 777 1808 799 ‚
1834 747 1893 788 ut

247 828 469 886 videtur,
494 826 588 874 sub
612 825 783 890 primis
808 825 1196 890 Imperatoribus
1218 825 1432 874 militare
1458 825 1584 884 fuit,
1612 834 1661 873 et
1683 823 1892 889 quidem

249 931 278 960 a
308 909 555 959 militibus
576 947 589 971 ‚
613 928 741 975 quos
764 910 1045 958 Praefectus
1067 909 1279 974 Aegypti
1311 910 1371 956 ad
1397 910 1494 956 hoc
1521 909 1686 972 ipsum
1712 909 1893 955 consti-

246 1003 409 1045 tuerat
427 1031 439 1055 ,
466 994 880 1042 administratum.
931 992 1271 1056 Cogitandum
1293 993 1447 1056 igitur
1471 1000 1625 1052 esset,
1655 991 1890 1055 Teplinin

246 1081 301 1129 in
348 1078 554 1141 regione
606 1076 928 1125 Ptolemaidis
985 1076 1329 1125 Arsenoiticae
1373 1093 1607 1139 aggerum
1654 1074 1890 1139 operibus

246 1161 516 1232 praefuisse
536 1198 548 1221 ‚
578 1161 823 1209 fossarum
854 1168 1022 1208 autem
1047 1158 1358 1231 Phogemin,
1384 1160 1453 1207 ita
1482 1156 1682 1207 utscura
1708 1160 1892 1206 horum

248 1264 456 1311 operum
477 1245 608 1293 inter
628 1247 794 1309 plures
814 1244 975 1293 divisa
998 1244 1148 1293 suerit
1171 1266 1181 1292 :
1208 1243 1314 1309 ipsa
1330 1261 1449 1293 vero
1468 1243 1890 1307 logographorum

247 1330 456 1379 nomina
494 1329 547 1377 in
586 1326 745 1376 titulis
789 1336 960 1377 notata
997 1346 1136 1388 esse,
1174 1336 1233 1377 ut
1266 1345 1464 1391 aggeres
1507 1337 1556 1377 et
1593 1327 1786 1387 fossae,
1826 1328 1891 1376 de
1941 1368 1946 1392 e

249 1416 435 1481 quibus
466 1411 548 1461 hic
573 1413 759 1476 agitur,
789 1413 850 1460 ab
880 1412 991 1460 aliis
1020 1412 1215 1460 facilius
1241 1412 1678 1475 distinguerentur.
1717 1412 1890 1460 Potius
1943 1403 1945 1407 ²

242 1497 365 1548 *vero
383 1497 679 1546 crediderim
692 1534 704 1557 ,
730 1492 963 1560 Teplinin
980 1506 1029 1545 et
1043 1495 1326 1568 Phegemin
1343 1514 1651 1562 possessores
1670 1495 1890 1558 regionis

246 1583 433 1642 fuisse,
477 1578 531 1629 in
576 1599 676 1646 qua
721 1582 844 1630 haec
885 1599 1034 1646 opera
1070 1582 1197 1629 facta
1235 1590 1385 1640 sunt,
1430 1597 1649 1645 eosque,
1690 1579 1887 1642 legibus

249 1666 548 1725 obstrictos,
589 1660 770 1713 seriem
810 1662 1184 1729 operariorum,
1226 1683 1444 1730 quorum
1484 1663 1764 1712 ministerio
1807 1662 1889 1711 usi

243 1758 387 1799 'erant
413 1786 425 1809 ‚
474 1748 750 1799 securitatis
790 1749 1023 1813 publicae
1072 1760 1246 1797 caussa
1266 1787 1279 1810 ‚
1329 1767 1395 1798 ne
1440 1747 1689 1816 ejusmodi
1739 1765 1889 1811 opera
1943 1758 1950 1813 g

245 1834 644 1898 negligerentur,
678 1832 1016 1897 magistratui,
1059 1834 1141 1883 cui
1176 1852 1294 1882 cura
1333 1835 1511 1882 harum
1549 1850 1716 1882 rerum
1748 1849 1889 1880 man-
1943 1822 1950 1859 .'

244 1918 357 1966 data
386 1925 518 1977 erat,
552 1917 853 1967 exhibuisse.
1681 1902 1685 1905 .

312 2020 333 2082 (
357 2018 472 2065 Lin.
494 2018 538 2066 3.
566 2042 660 2070 mro
693 2040 857 2088 μεχεις
882 2021 903 2071 ι’
922 2023 1005 2072 ἕως
1027 2018 1127 2082 102.)
1164 2020 1283 2068 Fuit
1305 2019 1453 2067 initio
1480 2020 1562 2067 hic
1584 2021 1726 2067 locus
1750 2021 1885 2068 lectu

244 2100 602 2162 difficillimus3
643 2103 849 2151 detectis
882 2112 1050 2152 autem
1083 2104 1145 2151 ab
1178 2103 1518 2153 eruditissimo
1546 2103 1722 2174 Zoega
1749 2122 1886 2152 men-

240 2187 380 2235 sibus
402 2187 645 2253 'aegyptiis
665 2224 677 2247 ,
702 2187 791 2253 qui
817 2188 1221 2253 subsequuntur,
1242 2191 1461 2253 φαμενοθ
1480 2190 1574 2235 col.
1595 2188 1668 2234 IX
1684 2225 1696 2247 ‚
1720 2187 1806 2235 lin.
1827 2187 1857 2235 8
1872 2224 1885 2246 ,

241 2280 291 2319 et
320 2273 555 2339 φαςμουθι
588 2273 682 2319 col.
712 2272 844 2332 XII,
879 2272 969 2319 lin.
1009 2270 1095 2332 16,
1126 2290 1242 2322 vera
1269 2272 1419 2322 lectio
1452 2272 1611 2320 facilis
1646 2272 1883 2336 indagatu

239 2354 347 2401 suit.
406 2354 552 2402 Duae
598 2355 786 2418 priores
838 2355 1029 2405 litterae
1077 2374 1122 2405 v.
1166 2378 1329 2425 μεχεις
1349 2395 1361 2418 ,
1407 2365 1466 2404 ut
1508 2357 1562 2405 in
1610 2355 1885 2420 specimine

240 2437 493 2498 cernitur,
527 2438 628 2486 fere
660 2440 853 2488 deletae
887 2449 1036 2500 sunt;
1075 2450 1261 2490 restant
1292 2450 1461 2490 tamen
1491 2440 1698 2503 vestigia
1726 2441 1817 2489 litt.
1847 2463 1885 2506 μ,

1946 2607 1947 2610 ⁴
1943 2537 1950 2572 θ’·
1939 2399 1956 2506 ’,ἧι-’,είκ-
1940 2357 1954 2389 ³2:-
1942 2262 1954 2343 :aexz-
1944 2223 1953 2253 -ιφ
1935 2049 1954 2207 [ἐπάρας-,ο
1945 2014 1952 2043 ‚v

296 2636 309 2659 1
346 2626 515 2662 Possunt
535 2638 620 2663 esse
647 2626 816 2662 nomina
841 2639 1030 2676 aggerum
1064 2633 1105 2666 et
1136 2628 1357 2674 fossarum,
1384 2629 1435 2667 de
1463 2630 1609 2678 quibus
1634 2630 1716 2667 vid.
1746 2630 1882 2667 strabo
1947 2626 1950 2650 ³

236 2693 278 2728 L.
303 2695 414 2731 XVII
431 2723 440 2739 7
465 2709 500 2744 p.
531 2696 639 2734 1156.
689 2697 856 2746 Magnos
887 2699 1075 2746 canalem,
1106 2711 1143 2737 v.
1176 2712 1208 2750 g.
1236 2699 1390 2736 Fossam
1416 2700 1599 2746 Traiani,
1625 2712 1758 2751 nuper
1775 2700 1882 2737 Galli
1943 2691 1951 2747 ³,

234 2764 454 2802 restituere
486 2770 763 2805 tentaverunt.
808 2767 864 2813 M.
1940 2773 1950 2812 75
