<?xml version="1.0" encoding="UTF-8"?>
<!DOCTYPE html PUBLIC "-//W3C//DTD XHTML 1.0 Transitional//EN"
    "http://www.w3.org/TR/xhtml1/DTD/xhtml1-transitional.dtd">
<html xmlns="http://www.w3.org/1999/xhtml" xml:lang="en" lang="en">
 <head>
  <title>
</title>
<meta http-equiv="Content-Type" content="text/html;charset=utf-8" />
  <meta name='ocr-system' content='tesseract 3.04.00' />
  <meta name='ocr-capabilities' content='ocr_page ocr_carea ocr_par ocr_line ocrx_word'/>
</head>
<body>
  <div class='ocr_page' id='page_1' title='image "./depapyrisseuvolu00murr_0059.png"; bbox 0 0 1976 3298; ppageno 0'>
   <div class='ocr_carea' id='block_1_1' title="bbox 403 139 1712 214">
    <p class='ocr_par' dir='ltr' id='par_1_1' title="bbox 403 139 1712 214">
     <span class='ocr_line' id='line_1_1' title="bbox 403 139 1712 214; baseline 0.003 -27"><span class='ocrx_word' id='word_1_1' title='bbox 403 151 613 187; x_wconf 77' lang='lat' dir='ltr'>rROPE</span> <span class='ocrx_word' id='word_1_2' title='bbox 665 139 992 189; x_wconf 74' lang='lat' dir='ltr'><strong>PETILI&#39;AM</strong></span> <span class='ocrx_word' id='word_1_3' title='bbox 1049 158 1395 191; x_wconf 79' lang='lat' dir='ltr'>REPERTAE.</span> <span class='ocrx_word' id='word_1_4' title='bbox 1450 174 1453 175; x_wconf 14' lang='grc' dir='ltr'><em>γ</em></span> <span class='ocrx_word' id='word_1_5' title='bbox 1647 162 1712 214; x_wconf 70' lang='lat'>49</span> 
     </span>
    </p>
   </div>
   <div class='ocr_carea' id='block_1_2' title="bbox 7 237 1717 1138">
    <p class='ocr_par' dir='ltr' id='par_1_2' title="bbox 7 237 1717 1138">
     <span class='ocr_line' id='line_1_2' title="bbox 80 237 1713 309; baseline 0.004 -20"><span class='ocrx_word' id='word_1_6' title='bbox 80 237 421 300; x_wconf 84' lang='lat' dir='ltr'>Alcibiadem,</span> <span class='ocrx_word' id='word_1_7' title='bbox 459 239 674 289; x_wconf 86' lang='lat' dir='ltr'>violatae</span> <span class='ocrx_word' id='word_1_8' title='bbox 700 241 959 304; x_wconf 83' lang='lat' dir='ltr'><strong>religionis</strong></span> <span class='ocrx_word' id='word_1_9' title='bbox 993 243 1201 293; x_wconf 88' lang='lat' dir='ltr'>crimine</span> <span class='ocrx_word' id='word_1_10' title='bbox 1233 247 1455 309; x_wconf 85' lang='lat' dir='ltr'>pulsatos</span> <span class='ocrx_word' id='word_1_11' title='bbox 1478 281 1490 305; x_wconf 86' lang='lat'>,</span> <span class='ocrx_word' id='word_1_12' title='bbox 1537 247 1713 296; x_wconf 84' lang='lat' dir='ltr'>eadem</span> 
     </span>
     <span class='ocr_line' id='line_1_3' title="bbox 80 322 1716 393; baseline 0.007 -25"><span class='ocrx_word' id='word_1_13' title='bbox 80 337 242 387; x_wconf 85' lang='lat' dir='ltr'>poena</span> <span class='ocrx_word' id='word_1_14' title='bbox 268 322 421 371; x_wconf 85' lang='lat' dir='ltr'>fuisse</span> <span class='ocrx_word' id='word_1_15' title='bbox 448 325 720 371; x_wconf 82' lang='lat' dir='ltr'>damnatos.</span> <span class='ocrx_word' id='word_1_16' title='bbox 773 325 934 387; x_wconf 84' lang='lat' dir='ltr'>Igitur</span> <span class='ocrx_word' id='word_1_17' title='bbox 969 345 1070 392; x_wconf 87' lang='lat' dir='ltr'>qua</span> <span class='ocrx_word' id='word_1_18' title='bbox 1108 330 1205 377; x_wconf 84' lang='lat' dir='ltr'>late</span> <span class='ocrx_word' id='word_1_19' title='bbox 1233 329 1392 392; x_wconf 85' lang='lat' dir='ltr'>patuit</span> <span class='ocrx_word' id='word_1_20' title='bbox 1415 330 1683 381; x_wconf 86' lang='lat' dir='ltr'>Lacinium</span> <span class='ocrx_word' id='word_1_21' title='bbox 1701 369 1716 393; x_wconf 89' lang='lat'>,</span> 
     </span>
     <span class='ocr_line' id='line_1_4' title="bbox 80 405 1716 472; baseline 0.006 -18"><span class='ocrx_word' id='word_1_22' title='bbox 80 407 162 454; x_wconf 89' lang='lat' dir='ltr'>vel</span> <span class='ocrx_word' id='word_1_23' title='bbox 204 405 371 469; x_wconf 90' lang='lat' dir='ltr'>potius</span> <span class='ocrx_word' id='word_1_24' title='bbox 419 425 685 472; x_wconf 88' lang='lat' dir='ltr'>quousque</span> <span class='ocrx_word' id='word_1_25' title='bbox 728 407 907 470; x_wconf 84' lang='lat' dir='ltr'>religio</span> <span class='ocrx_word' id='word_1_26' title='bbox 958 409 1175 458; x_wconf 90' lang='lat' dir='ltr'>Junonis</span> <span class='ocrx_word' id='word_1_27' title='bbox 1230 412 1469 463; x_wconf 84' lang='lat' dir='ltr'>Laciniae</span> <span class='ocrx_word' id='word_1_28' title='bbox 1520 415 1716 463; x_wconf 89' lang='lat' dir='ltr'>animos</span> 
     </span>
     <span class='ocr_line' id='line_1_5' title="bbox 7 488 1716 562; baseline 0.008 -28"><span class='ocrx_word' id='word_1_29' title='bbox 7 515 16 523; x_wconf 97' lang='lat'><em>-</em></span> <span class='ocrx_word' id='word_1_30' title='bbox 83 488 311 536; x_wconf 88' lang='lat' dir='ltr'>omnium</span> <span class='ocrx_word' id='word_1_31' title='bbox 335 489 465 537; x_wconf 82' lang='lat' dir='ltr'>circa</span> <span class='ocrx_word' id='word_1_32' title='bbox 487 493 789 554; x_wconf 91' lang='lat' dir='ltr'>populorum</span> <span class='ocrx_word' id='word_1_33' title='bbox 810 489 1072 556; x_wconf 72' lang='lat' dir='ltr'>occuparat</span> <span class='ocrx_word' id='word_1_34' title='bbox 1087 529 1099 552; x_wconf 88' lang='lat'>,</span> <span class='ocrx_word' id='word_1_35' title='bbox 1127 494 1199 542; x_wconf 86' lang='lat' dir='ltr'>ibi</span> <span class='ocrx_word' id='word_1_36' title='bbox 1226 497 1497 562; x_wconf 84' lang='lat' dir='ltr'>proscripta</span> <span class='ocrx_word' id='word_1_37' title='bbox 1516 497 1716 547; x_wconf 83' lang='lat' dir='ltr'>Sicania</span> 
     </span>
     <span class='ocr_line' id='line_1_6' title="bbox 82 571 1716 638; baseline 0.007 -20"><span class='ocrx_word' id='word_1_38' title='bbox 82 571 341 620; x_wconf 89' lang='lat' dir='ltr'>considere</span> <span class='ocrx_word' id='word_1_39' title='bbox 374 573 633 621; x_wconf 79' lang='lat' dir='ltr'>vetabatur</span> <span class='ocrx_word' id='word_1_40' title='bbox 663 595 673 621; x_wconf 73' lang='grc' dir='ltr'><strong><em>ε</em></strong></span> <span class='ocrx_word' id='word_1_41' title='bbox 708 583 865 638; x_wconf 85' lang='lat' dir='ltr'>utque</span> <span class='ocrx_word' id='word_1_42' title='bbox 895 575 955 625; x_wconf 64' lang='lat' dir='ltr'>,id</span> <span class='ocrx_word' id='word_1_43' title='bbox 993 575 1315 625; x_wconf 82' lang='lat' dir='ltr'>interdictum</span> <span class='ocrx_word' id='word_1_44' title='bbox 1348 581 1540 628; x_wconf 88' lang='lat' dir='ltr'>cunctis</span> <span class='ocrx_word' id='word_1_45' title='bbox 1571 581 1716 629; x_wconf 90' lang='lat' dir='ltr'>inno-</span> 
     </span>
     <span class='ocr_line' id='line_1_7' title="bbox 13 655 1714 728; baseline 0.008 -27"><span class='ocrx_word' id='word_1_46' title='bbox 13 656 17 664; x_wconf 87' lang='lat'>&#39;</span> <span class='ocrx_word' id='word_1_47' title='bbox 81 662 317 715; x_wconf 82' lang='lat' dir='ltr'>tesceret‚</span> <span class='ocrx_word' id='word_1_48' title='bbox 351 656 495 705; x_wconf 81' lang='lat' dir='ltr'>facile</span> <span class='ocrx_word' id='word_1_49' title='bbox 530 665 604 705; x_wconf 86' lang='lat' dir='ltr'>est</span> <span class='ocrx_word' id='word_1_50' title='bbox 634 655 906 723; x_wconf 83' lang='lat' dir='ltr'>conjicere,</span> <span class='ocrx_word' id='word_1_51' title='bbox 937 658 991 706; x_wconf 91' lang='lat' dir='ltr'>in</span> <span class='ocrx_word' id='word_1_52' title='bbox 1033 660 1270 708; x_wconf 89' lang='lat' dir='ltr'>omnibus</span> <span class='ocrx_word' id='word_1_53' title='bbox 1306 659 1455 728; x_wconf 79' lang='lat' dir='ltr'>hujus</span> <span class='ocrx_word' id='word_1_54' title='bbox 1494 665 1714 728; x_wconf 84' lang='lat' dir='ltr'>regionis</span> 
     </span>
     <span class='ocr_line' id='line_1_8' title="bbox 13 738 1717 812; baseline 0.005 -24"><span class='ocrx_word' id='word_1_55' title='bbox 13 739 16 747; x_wconf 81' lang='lat'>&#39;</span> <span class='ocrx_word' id='word_1_56' title='bbox 79 738 290 788; x_wconf 85' lang='lat' dir='ltr'>urbibus</span> <span class='ocrx_word' id='word_1_57' title='bbox 326 749 375 787; x_wconf 85' lang='lat' dir='ltr'>et</span> <span class='ocrx_word' id='word_1_58' title='bbox 406 740 542 803; x_wconf 81' lang='lat' dir='ltr'>pagis</span> <span class='ocrx_word' id='word_1_59' title='bbox 568 744 791 806; x_wconf 84' lang='lat' dir='ltr'>exempla</span> <span class='ocrx_word' id='word_1_60' title='bbox 821 742 982 791; x_wconf 80' lang='lat' dir='ltr'>editae</span> <span class='ocrx_word' id='word_1_61' title='bbox 1017 744 1391 808; x_wconf 83' lang='lat' dir='ltr'>proscriptionis</span> <span class='ocrx_word' id='word_1_62' title='bbox 1423 746 1574 796; x_wconf 84' lang='lat' dir='ltr'>fuisse</span> <span class='ocrx_word' id='word_1_63' title='bbox 1607 767 1717 812; x_wconf 86' lang='lat' dir='ltr'>pro-</span> 
     </span>
     <span class='ocr_line' id='line_1_9' title="bbox 78 821 1714 891; baseline 0.005 -21"><span class='ocrx_word' id='word_1_64' title='bbox 78 821 250 887; x_wconf 84' lang='lat' dir='ltr'>posita.</span> <span class='ocrx_word' id='word_1_65' title='bbox 313 823 648 886; x_wconf 84' lang='lat' dir='ltr'>Multiplicata</span> <span class='ocrx_word' id='word_1_66' title='bbox 694 832 860 871; x_wconf 85' lang='lat' dir='ltr'>autem</span> <span class='ocrx_word' id='word_1_67' title='bbox 903 822 1194 890; x_wconf 86' lang='lat' dir='ltr'>hujusmodi</span> <span class='ocrx_word' id='word_1_68' title='bbox 1237 829 1537 891; x_wconf 79' lang='lat' dir='ltr'>exemplaria</span> <span class='ocrx_word' id='word_1_69' title='bbox 1579 831 1714 878; x_wconf 83' lang='lat' dir='ltr'>haud</span> 
     </span>
     <span class='ocr_line' id='line_1_10' title="bbox 72 901 1714 974; baseline 0.005 -23"><span class='ocrx_word' id='word_1_70' title='bbox 72 904 250 951; x_wconf 57' lang='lat' dir='ltr'>*omnia</span> <span class='ocrx_word' id='word_1_71' title='bbox 284 901 507 970; x_wconf 88' lang='lat' dir='ltr'>ejusdem</span> <span class='ocrx_word' id='word_1_72' title='bbox 539 913 677 954; x_wconf 86' lang='lat' dir='ltr'>erant</span> <span class='ocrx_word' id='word_1_73' title='bbox 709 906 1074 953; x_wconf 82' lang='lat' dir='ltr'>emendationis</span> <span class='ocrx_word' id='word_1_74' title='bbox 1092 943 1105 966; x_wconf 85' lang='lat'>‚</span> <span class='ocrx_word' id='word_1_75' title='bbox 1142 909 1256 969; x_wconf 89' lang='lat' dir='ltr'>sed,</span> <span class='ocrx_word' id='word_1_76' title='bbox 1284 912 1714 974; x_wconf 84' lang='lat' dir='ltr'>quemadmodum</span> 
     </span>
     <span class='ocr_line' id='line_1_11' title="bbox 69 988 1715 1055; baseline 0.005 -20"><span class='ocrx_word' id='word_1_77' title='bbox 69 988 401 1051; x_wconf 33' lang='lat' dir='ltr'>*manuscripti</span> <span class='ocrx_word' id='word_1_78' title='bbox 428 990 626 1037; x_wconf 90' lang='lat' dir='ltr'>codices</span> <span class='ocrx_word' id='word_1_79' title='bbox 649 998 874 1038; x_wconf 85' lang='lat' dir='ltr'>veterum</span> <span class='ocrx_word' id='word_1_80' title='bbox 899 988 1195 1054; x_wconf 80' lang='lat' dir='ltr'>scriptorum</span> <span class='ocrx_word' id='word_1_81' title='bbox 1211 1028 1223 1051; x_wconf 83' lang='lat'><strong><em>,</em></strong></span> <span class='ocrx_word' id='word_1_82' title='bbox 1256 1010 1344 1055; x_wconf 90' lang='lat' dir='ltr'>pro</span> <span class='ocrx_word' id='word_1_83' title='bbox 1370 993 1615 1042; x_wconf 84' lang='lat' dir='ltr'>industria</span> <span class='ocrx_word' id='word_1_84' title='bbox 1632 998 1715 1044; x_wconf 88' lang='lat' dir='ltr'>vel</span> 
     </span>
     <span class='ocr_line' id='line_1_12' title="bbox 8 1071 1714 1138; baseline 0.005 -20"><span class='ocrx_word' id='word_1_85' title='bbox 8 1103 18 1111; x_wconf 93' lang='lat'><em>-</em></span> <span class='ocrx_word' id='word_1_86' title='bbox 74 1089 164 1136; x_wconf 92' lang='lat' dir='ltr'>pro</span> <span class='ocrx_word' id='word_1_87' title='bbox 206 1071 453 1135; x_wconf 81' lang='lat' dir='ltr'>imperitia</span> <span class='ocrx_word' id='word_1_88' title='bbox 489 1073 746 1121; x_wconf 82' lang='lat' dir='ltr'>variabant</span> <span class='ocrx_word' id='word_1_89' title='bbox 780 1073 1041 1121; x_wconf 77' lang='lat' dir='ltr'>artificum.</span> <span class='ocrx_word' id='word_1_90' title='bbox 1103 1075 1250 1123; x_wconf 87' lang='lat' dir='ltr'>Forte</span> <span class='ocrx_word' id='word_1_91' title='bbox 1288 1078 1488 1125; x_wconf 83' lang='lat' dir='ltr'>lamella</span> <span class='ocrx_word' id='word_1_92' title='bbox 1525 1096 1679 1127; x_wconf 85' lang='lat' dir='ltr'>aenea</span> <span class='ocrx_word' id='word_1_93' title='bbox 1701 1115 1714 1138; x_wconf 88' lang='lat'>‚</span> 
     </span>
    </p>
   </div>
   <div class='ocr_carea' id='block_1_3' title="bbox 3 1157 1715 1219">
    <p class='ocr_par' dir='ltr' id='par_1_3' title="bbox 3 1157 1715 1219">
     <span class='ocr_line' id='line_1_13' title="bbox 3 1157 1715 1219; baseline 0.005 -18"><span class='ocrx_word' id='word_1_94' title='bbox 3 1159 6 1165; x_wconf 85' lang='grc'><strong>’</strong></span> <span class='ocrx_word' id='word_1_95' title='bbox 52 1172 228 1219; x_wconf 52' lang='lat' dir='ltr'>&gt;quam</span> <span class='ocrx_word' id='word_1_96' title='bbox 259 1157 499 1204; x_wconf 81' lang='lat' dir='ltr'>hactenus</span> <span class='ocrx_word' id='word_1_97' title='bbox 531 1157 597 1203; x_wconf 92' lang='lat' dir='ltr'>ob</span> <span class='ocrx_word' id='word_1_98' title='bbox 629 1159 804 1204; x_wconf 90' lang='lat' dir='ltr'>oculos</span> <span class='ocrx_word' id='word_1_99' title='bbox 834 1157 1018 1217; x_wconf 84' lang='lat' dir='ltr'>habui,</span> <span class='ocrx_word' id='word_1_100' title='bbox 1051 1157 1106 1205; x_wconf 89' lang='lat' dir='ltr'>in</span> <span class='ocrx_word' id='word_1_101' title='bbox 1140 1176 1318 1207; x_wconf 85' lang='lat' dir='ltr'>manus</span> <span class='ocrx_word' id='word_1_102' title='bbox 1352 1160 1571 1209; x_wconf 83' lang='lat' dir='ltr'>illiterati</span> <span class='ocrx_word' id='word_1_103' title='bbox 1601 1162 1715 1210; x_wconf 78' lang='lat' dir='ltr'>arti—</span> 
     </span>
    </p>
   </div>
   <div class='ocr_carea' id='block_1_4' title="bbox 11 1237 1713 1306">
    <p class='ocr_par' dir='ltr' id='par_1_4' title="bbox 11 1237 1713 1306">
     <span class='ocr_line' id='line_1_14' title="bbox 11 1237 1713 1306; baseline 0.002 -19"><span class='ocrx_word' id='word_1_104' title='bbox 11 1280 16 1300; x_wconf 69' lang='lat'><em>,</em></span> <span class='ocrx_word' id='word_1_105' title='bbox 76 1238 184 1287; x_wconf 87' lang='lat' dir='ltr'>ficis</span> <span class='ocrx_word' id='word_1_106' title='bbox 230 1239 551 1302; x_wconf 80' lang='lat' dir='ltr'>percutienda</span> <span class='ocrx_word' id='word_1_107' title='bbox 596 1240 899 1300; x_wconf 79' lang='lat' dir='ltr'>devenerat3</span> <span class='ocrx_word' id='word_1_108' title='bbox 944 1240 1063 1289; x_wconf 89' lang='lat' dir='ltr'>hinc</span> <span class='ocrx_word' id='word_1_109' title='bbox 1106 1237 1212 1305; x_wconf 82' lang='lat' dir='ltr'>ejus</span> <span class='ocrx_word' id='word_1_110' title='bbox 1254 1245 1505 1306; x_wconf 79' lang='lat' dir='ltr'>exemplar</span> <span class='ocrx_word' id='word_1_111' title='bbox 1541 1244 1713 1298; x_wconf 87' lang='lat' dir='ltr'>multis</span> 
     </span>
    </p>
   </div>
   <div class='ocr_carea' id='block_1_5' title="bbox 0 1321 687 1387">
    <p class='ocr_par' dir='ltr' id='par_1_5' title="bbox 0 1321 687 1387">
     <span class='ocr_line' id='line_1_15' title="bbox 0 1321 687 1387; baseline -0.003 -17"><span class='ocrx_word' id='word_1_112' title='bbox 0 1343 17 1373; x_wconf 73' lang='lat'>3-</span> <span class='ocrx_word' id='word_1_113' title='bbox 76 1321 236 1387; x_wconf 74' lang='lat' dir='ltr'>patuit</span> <span class='ocrx_word' id='word_1_114' title='bbox 266 1321 687 1384; x_wconf 72' lang='lat' dir='ltr'>castigationibus·</span> 
     </span>
    </p>
   </div>
   <div class='ocr_carea' id='block_1_6' title="bbox 0 0 51 3298">
    <p class='ocr_par' dir='ltr' id='par_1_6' title="bbox 0 0 51 3298">
     <span class='ocr_line' id='line_1_16' title="bbox 0 0 51 3298; baseline 0 0"><span class='ocrx_word' id='word_1_115' title='bbox 0 0 51 3298; x_wconf 95' lang='lat' dir='ltr'> </span> 
     </span>
    </p>
   </div>
   <div class='ocr_carea' id='block_1_7' title="bbox 659 1678 1123 2172">
    <p class='ocr_par' dir='ltr' id='par_1_7' title="bbox 659 1678 1123 2172">
     <span class='ocr_line' id='line_1_17' title="bbox 659 1678 1123 2172; baseline 0 1126"><span class='ocrx_word' id='word_1_116' title='bbox 659 1678 1123 2172; x_wconf 95' lang='lat' dir='ltr'> </span> 
     </span>
    </p>
   </div>
  </div>
 </body>
</html>
