1976 3298
242 193 304 240 28
663 205 1083 239 PHILODEMI
1130 207 1335 239 LIBER
1388 207 1458 239 1v

233 310 414 358 poema
437 291 554 340 citat
571 290 925 349 Philodemus,
963 293 1057 338 col.
1083 291 1156 352 X,
1189 310 1234 340 v.
1259 309 1283 338 2
1302 329 1314 352 ,
1352 301 1400 340 et
1425 292 1513 357 qui
1541 310 1568 340 a
1590 292 1878 344 Plutarcho

230 377 287 427 in
315 386 370 424 tr.
406 379 466 424 de
503 375 702 422 Musica
734 374 811 422 his
838 382 1284 424 commemoratur.
1920 429 1922 431 ¹

299 460 449 524 (Cap.
465 459 635 521 VIII.)
657 458 766 506 Col.
785 459 911 509 XVI
937 468 986 508 et
1009 460 1193 520 XVII,
1220 459 1365 522 Quid
1388 461 1440 507 in
1467 461 1703 510 conviviis
1718 482 1873 527 prae-

227 545 412 593 stiterit
443 543 640 590 musica
668 543 695 590 ,Ρ

296 628 451 692 (Cap.
482 628 600 691 IX.)
624 627 733 676 Col.
766 629 919 678 XVII
955 637 1003 677 ct
1032 628 1240 688 XVIII,
1269 629 1356 675 An
1386 629 1455 675 ad
1478 630 1728 678 amicitias
1760 649 1876 678 con-

228 713 477 763 ciliandas
512 713 640 776 quid
668 710 906 777 conferre
937 722 1091 775 queat
1113 712 1139 758 P

296 799 315 860 (
349 797 465 860 Cap.
501 797 599 859 X.)
636 796 746 843 Col.
783 796 964 846 XVIII
1009 805 1058 843 et
1086 795 1237 853 XIX,
1278 795 1423 858 Quid
1468 797 1526 843 de
1564 797 1786 846 Thaletis
1826 807 1873 845 et

231 882 523 945 Terpanclri
550 880 829 928 lu‘storiolis
865 880 1180 927 sentiendum
1207 880 1234 926 ,Ρ

294 968 454 1030 (Cap.
479 966 600 1028 XI.)
640 966 751 1013 Col.
774 965 871 1012 XX
902 974 951 1014 ct
981 965 1133 1024 XXI,
1170 966 1254 1011 An
1288 964 1486 1012 musica
1517 964 1583 1012 sit
1618 983 1874 1012 commen-

228 1052 421 1108 danda,
454 1050 596 1113 quod
625 1049 867 1120 religioni
896 1049 1052 1117 vulgo
1087 1049 1371 1096 inserviat?

296 1136 450 1198 (Cap.
480 1135 628 1197 XII.)
656 1134 766 1181 Col.
795 1134 1181 1193 XXI-XXIII,
1215 1135 1303 1181 An
1337 1133 1534 1181 musica
1566 1133 1874 1182 intellectum

223 1230 376 1268 acuat
405 1230 449 1265 et
478 1219 775 1265 relationem
808 1219 876 1264 ad
902 1218 1032 1264 alias
1057 1217 1293 1265 scientias
1314 1236 1449 1280 prae
1475 1235 1528 1264 se
1541 1216 1691 1282 serat
1718 1218 1745 1264 P

290 1306 309 1367 (
339 1304 456 1366 Cap.
485 1303 659 1365 XIII.)
699 1302 810 1350 Col.
839 1302 1268 1362 XXIII-XXVI,
1303 1303 1390 1348 An
1427 1302 1625 1350 musica
1664 1302 1732 1348 ad
1766 1302 1870 1350 vir-

226 1398 351 1435 tutes
387 1387 617 1434 animum
655 1386 940 1449 disponat?

286 1473 306 1536 (
328 1472 445 1536 Cap.
469 1471 632 1533 XIV.)
667 1471 776 1518 Col.
801 1470 1222 1529 XXVI-XXIX,
1259 1470 1404 1531 Quid
1426 1470 1651 1517 musicae
1678 1481 1724 1517 et
1755 1491 1869 1518 mu-

222 1558 451 1606 sicorum
489 1555 692 1603 nomine
719 1556 828 1617 ejus
857 1554 984 1601 artis
1021 1555 1315 1601 laudatores
1349 1554 1684 1602 intellexerint
1710 1556 1737 1602 P

285 1642 438 1704 (Cap.
463 1641 600 1703 XV.)
618 1639 728 1687 Col.
752 1640 898 1686 XXX
927 1648 976 1688 et
994 1639 1166 1686 XXXI
1185 1675 1197 1699 ,
1223 1640 1311 1685 An
1342 1639 1541 1686 musica
1570 1640 1867 1688 coelestibus

219 1723 454 1772 meteoris
485 1723 790 1786 respondeat
811 1720 832 1769 ?

285 1810 306 1872 (
326 1809 442 1872 Cap.
460 1808 623 1864 XVI.)
644 1807 755 1855 Col.
785 1804 1213 1854 XXXI-XXXIII
1227 1844 1239 1867 ,
1273 1805 1424 1854 Num
1445 1807 1608 1854 animi
1631 1806 1863 1873 adfectus

218 1894 493 1940 immutare
527 1900 682 1955 queat
707 1891 734 1938 Ρ

284 1978 304 2040 (
331 1978 448 2041 Cap.
480 1975 681 2039 XVII.)
719 1975 830 2023 Col.
860 1975 1087 2023 XXXIII
1118 1983 1167 2023 et
1192 1975 1440 2037 XXXIV,
1472 1976 1559 2023 An
1593 1975 1862 2024 utilitatem

216 2061 412 2111 musica
431 2060 611 2125 pariat
637 2060 663 2107 P

281 2146 440 2210 (Cap.
470 2145 705 2207 XVIII.)
742 2144 852 2192 Col.
883 2145 1108 2196 XXXIV
1144 2153 1193 2193 et
1228 2144 1452 2205 XXXV,
1485 2145 1572 2193 An
1605 2145 1858 2194 musicam

216 2229 322 2279 Dei
353 2228 631 2275 invenerint
663 2227 690 2275 P

283 2313 435 2378 (Cap.
457 2313 618 2375 XIX.)
649 2312 759 2360 Col.
773 2304 1298 2366 XXXVI-XXXVIII
1315 2349 1329 2376 ,
1356 2312 1560 2375 Quibus
1587 2313 1646 2361 de
1663 2315 1860 2365 caussis

215 2397 375 2469 vulgo
408 2397 658 2448 musicam
683 2397 932 2447 discerent
951 2397 979 2446 P
