1976 3298
415 213 618 243 PROPE
669 211 983 242 PETILIAM
1040 210 1387 242 REPERTAE.
1660 193 1721 252 45

0 315 3 338 ·
122 305 744 351 -nPozEN01.M1N1<oN.
777 305 1018 348 ΑΡΜΟΞΙ.
1058 296 1501 362 Quemadmodum
1531 288 1725 361 Ιὸιοξενοι

77 381 272 448 privati
304 379 554 442 hospites,
600 379 667 424 ita
710 377 905 446 weng-'ewa
944 379 1146 441 publici
1181 388 1318 427 erant
1359 377 1570 425 civitatis
1610 378 1724 424 hos-

77 465 241 530 pites,
288 463 374 527 qui
417 462 716 525 peragebant
768 461 822 508 in
868 479 957 508 sua
1004 463 1189 525 patria,
1230 479 1357 526 quae
1399 461 1728 526 expediebant

91 547 277 595 civitati
313 546 420 604 illi,
464 544 606 611 cujus
639 554 776 593 erant
806 544 1006 608 publici
1037 545 1268 607 hospites.
1335 546 1467 596 Vide
1500 544 1728 592 Suidam.

94 632 189 678 Sed
224 639 474 694 praeterea
510 628 766 688 Proxeni,
812 638 868 676 ut
916 646 974 676 ex
1019 631 1114 675 hoc
1160 631 1274 675 loco
1317 629 1487 691 colligi
1538 635 1730 692 potest,

96 723 234 762 erant
261 714 321 772 ii,
353 713 467 778 qui,
496 713 550 760 in
585 712 777 776 oppidis
811 713 1037 777 vicisque
1065 712 1354 771 constituti,
1388 712 1441 758 in
1472 719 1733 759 numerato

92 798 343 845 habebant
383 798 597 845 advenas
628 815 638 854 3
687 814 741 843 ac
772 806 1021 859 praeterea
1053 794 1362 861 jubebantur
1384 833 1395 855 ,
1431 795 1734 842 denunciare

97 880 336 942 supremis
365 880 762 926 moderatoribus
796 879 1102 942 reipublicae
1124 916 1136 937 7
1176 879 1214 924 si
1249 879 1315 937 ii,
1359 879 1544 942 quibus
1579 878 1738 926 suerat

98 982 225 1028 aqua
253 973 302 1011 et
329 963 433 1026 igni
467 963 785 1012 interdictum
813 1000 824 1022 ,
854 965 1088 1010 mandato
1114 962 1320 1010 minime
1359 962 1651 1025 paruissent.

165 1047 400 1111 Sequitur
436 1047 489 1094 in
525 1048 832 1110 autographo
870 1057 1141 1107 ΜῙΝΚΟΝ,
1184 1047 1270 1094 sed
1312 1049 1484 1093 nullus
1532 1044 1740 1103 dubito,

100 1131 226 1194 quin
261 1131 317 1178 in
353 1141 600 1184 MINTON
640 1131 702 1178 sit
737 1131 1098 1193 refingendum.
1148 1141 1309 1183 Mwuov
1349 1140 1539 1189 autem,
1571 1137 1743 1192 utpote

97 1214 273 1262 litteris
301 1215 463 1277 longis
500 1217 729 1262 nondum
760 1215 814 1261 in
844 1215 1028 1277 Magna
1058 1214 1265 1263 Graecia
1291 1215 1567 1278 usurpatis7
1609 1215 1744 1261 idem

105 1299 198 1346 crit
230 1317 284 1345 ac
314 1310 515 1359 Μηνυον,
557 1309 614 1347 ut
647 1300 769 1347 olim
802 1302 937 1367 ἵμεροι
969 1318 1056 1363 pro
1087 1298 1235 1367 ἣμεροι
1265 1301 1587 1358 efferebatur,
1621 1306 1745 1345 teste

105 1381 320 1428 Platone
349 1383 401 1429 in
432 1383 647 1448 Cratylo.
699 1395 872 1442 anuov
909 1392 1073 1430 autem
1103 1382 1252 1449 hujus
1277 1384 1403 1442 loci,
1442 1386 1523 1431 vel
1557 1382 1748 1430 aeolice

111 1467 422 1513 decurtatum
462 1477 535 1514 est
570 1484 659 1530 pro
701 1466 957 1513 communi
1013 1488 1234 1530 μηνυοντω
1279 1466 1620 1529 (indicenc);
1667 1467 1751 1513 vel

112 1549 300 1612 (quod
342 1549 581 1597 familiare
620 1550 715 1597 fuit
756 1550 1015 1612 Ionibus)
1057 1549 1283 1597 infinitus
1321 1564 1394 1598 est
1439 1552 1618 1598 modus
1660 1568 1750 1614 pro

112 1632 404 1696 imperativo
432 1655 440 1680 :
478 1634 667 1681 scilicet
704 1635 765 1681 ab
798 1635 1005 1698 antiquo
1026 1657 1224 1698 ιμινυοω,
1259 1637 1396 1683 unde
1427 1657 1622 1700 μινυουν,
1662 1652 1752 1698 pro

116 1734 218 1779 quo
248 1726 459 1775 vetereS,
491 1717 857 1781 diphthongum
882 1742 926 1769 ου
961 1719 1190 1778 aversati,
1227 1719 1462 1782 scripsere
1496 1741 1665 1783 μιυυον,
1699 1726 1756 1766 ut

114 1803 285 1863 paullo
313 1809 423 1848 ante
457 1818 516 1848 ex
538 1801 798 1848 Athenaeo
829 1801 1020 1848 monui.
1075 1802 1338 1850 Caeterum
1378 1826 1549 1867 μηνυειν
1581 1801 1756 1864 (indi-

117 1901 236 1929 care
263 1885 281 1945 )
311 1888 533 1933 solemne
568 1894 641 1933 est
675 1887 886 1934 verbum
926 1886 979 1932 in
1008 1883 1284 1951 judiciariis
1321 1887 1754 1951 inquisitionibus.

115 1967 480 2015 Demosthenes
527 1970 758 2017 adversus
802 1969 1136 2017 Timocratem
1186 1989 1246 2019 ex
1285 1973 1505 2035 quodam
1555 1973 1755 2019 decreto

118 2052 241 2099 haec
268 2054 439 2100 recitat
473 2075 483 2100 :
517 2053 576 2100 Si
602 2058 717 2116 quis
748 2053 876 2100 scial·
897 2054 1145 2119 aliquem,
1174 2055 1265 2117 qui
1293 2054 1759 2119 aliquiclpecuniae

123 2136 326 2195 haheat,
369 2137 468 2183 sive
507 2155 716 2197 sacrae,
758 2138 857 2184 .ςὶνο
895 2138 1161 2200 publicae,
1200 2140 1340 2202 apud
1377 2139 1468 2186 hos
1511 2139 1758 2203 (μηνυειν)

127 2218 332 2284 deferat.
394 2221 469 2266 Ex
513 2245 655 2285 μηγυω
698 2221 754 2269 fit
794 2244 1034 2290 μηνυτςῡν,
1083 2224 1129 2269 h.
1169 2240 1208 2271 e.
1238 2223 1570 2286 praemium,
1621 2224 1760 2288 quod

126 2304 281 2351 indici
315 2306 536 2352 dabatur.

194 2398 431 2442 ΑΡΜΟΞΙ.
477 2390 673 2437 Tertius
708 2389 748 2436 is
781 2407 920 2437 casus
959 2407 1018 2438 ex
1048 2391 1255 2455 antiquo
1286 2389 1501 2460 Ἂςμωξ,
1537 2390 1763 2459 ἆξμοιγος,

127 2481 183 2518 ut
204 2471 367 2539 ᾧλωξ,
392 2481 588 2535 &noyez
615 2473 848 2541 οιποξςωξ,
877 2496 968 2537 Ὑσς.
1006 2476 1282 2523 Posteriore
1303 2486 1458 2524 aetate
1482 2475 1769 2544 νοΧἊςμρξ

130 2556 481 2618 (moderator)
511 2559 751 2620 producta
773 2558 864 2604 suit
890 2567 900 2589 ¹
927 2557 1213 2626 in‘Agsqu-yg
1239 2557 1547 2628 θϊἋςμοςηδο,
1571 2569 1619 2608 et
1649 2578 1767 2609 sane

190 2722 201 2743 1
239 2707 592 2755 Quemadmodum
619 2709 673 2753 ii,
702 2709 770 2756 qui
803 2709 1033 2746 recentiore
1062 2715 1196 2747 aetate
1222 2714 1456 2762 Gepoerrov-req
1479 2736 1489 2754 ‚
1524 2712 1622 2746 olim
1650 2723 1769 2747 voca-

135 2780 288 2814 bantur
323 2781 518 2829 Θεραπες,
552 2790 573 2814 a
602 2785 713 2816 recto
747 2778 906 2815 scilicet
943 2775 1096 2834 Θεραψ.
1149 2780 1323 2817 Consule
1345 2781 1591 2838 fleychium
1618 2780 1662 2817 in
1698 2780 1771 2816 hac

131 2859 244 2884 voce.
