1976 3298
246 134 305 179 42
531 128 917 164 EXPLICATIO
969 127 1296 158 LAMELLAE
1344 126 1598 158 AENEAE

242 222 414 286 (naga
442 239 500 279 τῃ
525 227 628 287 HQ
659 237 716 276 τῃ
737 208 1068 283 Λακεδαιμονιορ
1099 210 1335 275 aenaeum)
1370 212 1420 257 in
1455 210 1881 259 Lacedaemoniae

239 303 464 352 Junonis
513 300 695 361 templo
735 297 1016 343 dedicatam
1055 304 1294 354 evertunt,
1350 294 1453 342 Ubi
1497 313 1612 343 meo
1656 295 1879 359 periculo

239 387 452 436 emenda
498 404 630 449 παρα
681 404 739 442 τῃ
777 374 901 451 ζΗξίὶι
949 402 1007 441 τῃ
1047 390 1276 450 Λακινιᾳ,
1324 378 1375 425 in
1426 379 1608 441 templo
1653 378 1880 427 Junom‘s

243 469 522 524 Laciniae;
552 482 770 530 namque
799 464 1118 512 Crotoniatae
1151 463 1354 526 impune
1384 463 1589 527 quidem
1618 462 1668 509 id
1690 462 1879 508 facinus

239 561 518 617 perpetrare
548 558 776 613 poterant
808 548 860 595 in
893 566 1009 610 agro
1038 546 1283 605 Lacinio,
1317 546 1406 592 ubi
1436 546 1626 594 Croton
1652 546 1877 609 princeps

237 637 357 683 urbs
392 634 693 691 habebatur,
731 650 837 679 non
868 631 988 678 item
1017 631 1069 677 in
1098 628 1516 676 Lacedaemonio.

303 727 480 770 ΤΥΨΑ.
519 726 746 768 ΣΑΟΤΙΣ.
795 726 1006 776 Στνγμη,
1047 714 1150 762 sive
1178 721 1458 776 punctam,
1501 716 1614 761 loco
1652 730 1756 760 non
1786 729 1877 759 suo

238 802 517 852 infinditur.
563 799 838 846 Fahreccus
883 797 1110 862 queritur
1159 805 1207 845 et
1248 797 1624 856 animadvertit,
1665 797 1876 845 artifices

236 902 595 950 saepenumero
634 885 687 930 in
727 885 855 930 hanc
883 899 1111 946 peccasse
1146 890 1347 944 partem.
1395 881 1509 928 Hoc
1541 882 1701 945 primo
1730 899 1878 930 versu

233 980 476 1035 punctum
526 984 830 1031 supervacue
858 1003 869 1024 ,
917 983 980 1013 ne
1033 965 1196 1012 dicam
1245 966 1547 1025 oscitanter,
1595 965 1879 1030 adpingitur

234 1054 461 1102 medium
498 1073 507 1098 ε
546 1060 718 1098 contra
747 1048 897 1098 Versu
921 1057 1069 1096 sexto
1106 1048 1160 1095 in
1195 1072 1260 1117 τῳ
1297 1043 1607 1117 Αςμοξιὸοιμος
1635 1058 1880 1113 punctum

235 1140 288 1186 in
331 1136 499 1185 medio
545 1134 886 1191 desideratur;
935 1131 1126 1179 scilicet
1171 1141 1228 1179 ut
1277 1135 1435 1179 lector
1485 1133 1645 1196 primo
1697 1134 1879 1180 obtutu

232 1223 526 1285 dignoscere
560 1226 757 1282 posset,
804 1237 856 1268 το
898 1226 1056 1277 aomos
1097 1215 1227 1262 nihil
1256 1216 1438 1263 habere
1470 1233 1585 1262 cum
1619 1238 1684 1286 τῳ
1709 1214 1877 1284 Αςμοξι

232 1320 515 1354 commune.
566 1301 834 1362 Distingue
875 1299 1027 1362 igitur
1062 1299 1116 1346 in
1154 1300 1290 1346 hunc
1330 1300 1579 1347 modum:
1619 1308 1877 1352 ΤΥΨΑΣΛ.

223 1390 379 1443 “ΟΤ[Σ
402 1427 414 1447 ,
453 1388 499 1433 h.
530 1404 571 1434 e.
599 1401 919 1448 percussura
949 1392 1022 1431 est
1054 1393 1064 1415 ¹
1103 1382 1339 1447 quisquis
1364 1392 1453 1430 etc.
1500 1393 1698 1436 Tum-3121
1725 1384 1877 1446 (pul-

231 1468 698 1541 sare,slagellare,
724 1468 1017 1533 percutere)
1050 1468 1287 1516 latissime
1316 1476 1472 1531 patet,
1496 1476 1544 1516 et
1573 1470 1632 1515 ad
1657 1470 1875 1532 qualem-

231 1573 448 1618 cumque
476 1553 808 1601 calamitatem
833 1552 1190 1614 designandam
1225 1551 1530 1612 traducitur,
1563 1561 1619 1599 ut
1648 1569 1791 1615 saepe
1822 1551 1876 1600 in

234 1639 414 1686 Bibliis
437 1639 624 1700 graecis
646 1659 656 1684 ε
685 1637 811 1701 quin
833 1645 881 1684 et
904 1636 1036 1699 ipsae
1065 1650 1247 1698 πληγαι
1273 1635 1545 1697 (vulnera)
1569 1637 1702 1683 haud
1723 1636 1874 1683 ferme

231 1723 372 1770 aliter
405 1722 594 1768 ibidem
636 1720 980 1783 accipiuntur,
1017 1738 1062 1768 v.
1099 1738 1143 1782 g.
1179 1720 1455 1768 Deuteron.
1492 1719 1754 1779 XXVIII,
1787 1720 1874 1784 59,

222 1805 357 1859 ‘Oris
393 1823 482 1870 pro
515 1802 605 1859 ὅςις
625 1844 638 1864 ,
685 1802 924 1867 quisquis
944 1839 956 1862 ,
997 1803 1311 1867 quicumque
1337 1841 1350 1864 ,
1391 1812 1447 1852 ut
1472 1821 1578 1852 non
1609 1822 1718 1851 raro
1744 1805 1875 1868 apud

231 1891 528 1938 Homerum.

297 1984 512 2027 ΔΙΔΟΤΙ.
572 1971 756 2021 Dorice
801 1990 891 2036 pro
936 1972 1195 2020 communi
1250 1967 1387 2025 ὃιὸωσι
1415 2012 1427 2033 ,
1471 1972 1556 2019 dat
1582 1992 1603 2030 ;
1646 1973 1875 2020 nondum

229 2058 406 2106 litteris
437 2056 600 2118 longis
628 2057 683 2103 in
711 2057 898 2119 Magna
931 2056 1140 2103 Graecia
1167 2057 1428 2121 usurpatis.
1476 2057 1798 2105 Elementum
1824 2056 1872 2102 D

225 2145 247 2205 (
275 2141 418 2188 cuius
452 2139 661 2202 figuram
702 2140 870 2187 Latini
905 2139 1145 2188 invariate
1186 2140 1482 2202 servarunt)
1524 2141 1720 2205 quoties
1757 2141 1869 2189 heic

226 2226 465 2283 recurrit,
507 2224 560 2271 in
606 2224 851 2271 umbilico
892 2224 1230 2285 semicirculi,
1271 2224 1353 2271 cui
1388 2233 1521 2273 recta
1555 2224 1873 2272 subtenditur

288 2409 299 2430 ι
345 2388 522 2443 Tumida-oe
548 2392 615 2428 hic
642 2404 715 2439 pro
738 2388 958 2443 Τυψουσα,
996 2392 1251 2442 diphthongo
1289 2393 1360 2429 ΟΥ
1387 2394 1430 2429 in
1459 2394 1498 2429 A
1521 2392 1660 2430 dorice
1695 2406 1874 2430 commu-

229 2469 325 2500 tata.
371 2462 480 2499 Vide
505 2463 706 2497 Maittaire
740 2462 783 2497 in
812 2462 1046 2510 Alphabeto
1073 2463 1313 2508 dialectico,
1340 2475 1425 2512 pag.
1454 2463 1540 2511 394.
1580 2464 1708 2499 Dores
1736 2463 1873 2509 enim,

232 2539 277 2569 ut
319 2538 459 2567 notum
500 2538 584 2575 est,
628 2529 920 2567 describuntur
954 2539 1226 2582 πλατυςομοι
1249 2556 1260 2575 ,
1296 2534 1436 2581 patulo
1475 2544 1538 2567 ore
1574 2533 1788 2581 loquentes,
1826 2544 1872 2569 ac

230 2602 405 2651 proinde
453 2614 507 2649 τῳ
547 2601 585 2636 A
626 2601 930 2644 abutebantur3
963 2614 1089 2649 usque
1131 2601 1233 2638 adeo
1258 2628 1267 2646 ,
1313 2606 1358 2637 ut
1394 2601 1638 2638 scholiastes
1683 2601 1877 2637 Theocriti

235 2667 583 2716 wza‘temod‘otcoet,
606 2669 722 2718 Idyll.
740 2670 840 2715 XV,
866 2682 902 2707 v.
929 2674 997 2715 88,
1016 2672 1313 2720 interpretetur
1327 2667 1576 2728 Δωξιζουσ-οιι.
1607 2672 1728 2708 Henr.
1748 2669 1873 2720 steph.

235 2741 273 2775 in
305 2735 545 2785 πλατειαζω.
