1976 3298
293 230 351 276 16
594 239 610 252 ·
720 239 1115 273 rinnonEMI
1169 239 1381 271 L113En
1435 241 1503 271 zv

283 325 467 378 horum
487 343 699 376 numero
718 335 857 374 erant
881 323 1156 384 Platonici,
1180 342 1241 373 ex
1262 343 1323 373 eo
1349 326 1487 389 quod
1513 318 1746 372 Platonis
1767 335 1935 375 aucto·

284 416 427 463 ritate
478 412 841 469 abutebantur,
890 419 946 457 ut
987 427 1013 458 e
1058 410 1387 474 sequentibus
1432 407 1722 456 Philoclemi
1765 412 1931 460 verbis
1975 467 1976 470 Ἰ

284 498 570 560 conligitur.
620 494 730 542 Col.
767 494 988 544 XXXVI
1027 512 1071 542 v.
1110 510 1166 557 ¹9
1202 511 1362 558 usque
1396 495 1457 540 ad
1492 493 1550 539 23
1585 511 1754 541 rursus
1786 495 1932 542 uncis
1974 496 1976 540 1

283 584 507 630 inclusos
542 581 876 629 redundantes
907 586 1123 644 quatuor
1150 599 1329 643 ςοιχους
1356 594 1443 640 per
1471 594 1687 625 errorem
1719 578 1796 625 bis
1827 596 1935 626 exa-
1972 565 1976 691 l

284 678 414 716 ratos
437 704 448 726 ‚
473 682 601 731 quos
629 665 837 712 minime
867 664 1109 720 dictatos,
1141 664 1226 710 sed
1254 679 1315 709 cx
1343 670 1631 731 αυτογςοιφῳ
1660 663 1930 726 exscriptos
1972 691 1976 735 11

283 753 495 815 adparet.
553 749 735 796 Fraudi
770 747 906 796 enirn
937 746 1238 795 exscribenti
1266 745 1360 792 suit
1395 745 1636 808 particula
1667 741 1766 807 dux,
1800 765 1931 811 quae
1975 746 1976 766 *

282 836 361 884 his
391 835 444 882 in
470 835 605 881 hisce
636 851 721 881 sex
746 831 972 880 versibus
1001 829 1222 878 recurrit.
1273 829 1404 876 Cum
1435 830 1573 878 enim
1597 831 1794 893 ligneus
1818 833 1930 891 ille,

282 919 660 982 sententiaeque
697 916 902 963 minime
937 915 1164 962 addictus
1198 913 1540 977 descripsisset
1564 910 1931 982 παραδεχομενοι

282 1026 447 1057 ταυτα
470 997 542 1053 <lm
566 1007 586 1063 (
605 1000 827 1047 rationes
848 1000 997 1045 hasce
1025 998 1367 1045 delectationis
1383 998 1560 1070 gralia
1580 1001 1902 1062 receperunt)
1918 1039 1931 1060 ,

282 1106 400 1136 mox
430 1086 623 1133 retortis
651 1087 710 1132 ad
737 1081 1042 1151 ἀυτογςοιφον
1071 1083 1232 1130 oculis
1251 1120 1262 1142 ,
1291 1093 1371 1143 ut,
1407 1084 1530 1148 quid
1557 1093 1669 1148 post
1699 1084 1828 1131 illud
1856 1078 1930 1135 clm

281 1172 656 1237 insequeretur,
693 1177 944 1226 cerneret,
981 1167 1030 1214 in
1062 1167 1199 1214 aliud
1232 1167 1459 1230 superius
1499 1168 1719 1231 positum
1748 1163 1820 1219 δικ
1853 1168 1936 1214 in·-

282 1257 405 1306 cidit
430 1274 577 1304 versu
614 1269 698 1313 14,
742 1255 983 1324 quodque
1020 1251 1117 1298 sibi
1152 1253 1423 1298 adhaerens
1464 1253 1614 1298 habet
1652 1273 1930 1311 πονησοιντες

281 1341 408 1405 (qui
428 1338 726 1402 hujusmodi
755 1336 1104 1408 exercerent),
1137 1345 1286 1399 atque
1313 1335 1495 1383 iterum
1521 1353 1578 1383 ea
1605 1337 1757 1383 verba
1788 1354 1931 1385 secu-

282 1440 359 1475 tus
389 1424 623 1489 adpinxit.
672 1422 921 1470 Obscrvat
949 1420 1098 1469 etiam
1127 1422 1187 1466 cl.
1220 1419 1486 1478 Hosinius,
1518 1438 1624 1483 pag.
1657 1419 1745 1483 96,
1774 1421 1932 1485 impe-

281 1511 433 1560 ritum
463 1508 724 1557 librarium
763 1509 884 1554 haec
918 1523 977 1553 ex
1011 1522 1095 1552 ore
1127 1503 1359 1551 dictantis
1392 1504 1694 1552 scribentem
1728 1523 1816 1568 pro
1854 1529 1926 1557 τοι

279 1596 506 1660 posuisse
537 1616 584 1646 τι
625 1593 760 1655 (001.
788 1590 1048 1648 XXVIII,
1084 1607 1128 1636 v.
1153 1589 1216 1652 9)
1236 1626 1247 1648 ,
1288 1606 1377 1652 pro
1411 1612 1447 1639 ει
1478 1589 1704 1652 posuisse
1730 1614 1742 1640 ι
1779 1589 1797 1650 (
1830 1591 1926 1635 001.

278 1679 454 1738 XXII,
483 1696 528 1726 v.
563 1694 591 1742 9
626 1686 675 1725 et
700 1676 823 1737 31),
857 1684 1005 1738 atque
1039 1673 1157 1720 hinc
1190 1682 1323 1736 patet
1353 1673 1779 1736 diphthongoruin
1812 1699 1845 1725 5
1882 1683 1929 1722 et

277 1788 313 1816 οι
342 1762 818 1828 pronunciationem
850 1758 965 1806 satis
1002 1756 1221 1805 adfinem
1251 1757 1404 1805 fuisse
1437 1778 1502 1827 τῳ
1533 1782 1559 1808 ι.

346 1848 603 1896 Columna
622 1846 708 1896 Vna
733 1842 1010 1893 voluminis
1038 1841 1218 1906 quarti
1234 1841 1604 1889 Philodemiani
1636 1852 1709 1890 est
1737 1859 1811 1907 op:
1900 1861 1926 1892 3

278 1940 597 1991 conservata,
629 1940 641 1962 1
673 1947 825 1994 quam
857 1927 1108 1978 011111Πῖῑῧι
1136 1926 1249 1975 heic
1276 1926 1479 1974 exhibet
1509 1927 1679 1975 tabula
1717 1946 1850 1976 aea«.
1903 1928 1925 1975 I

276 2017 603 2068 exactissime.

345 2100 716 2150 Pulcherrimae
742 2108 993 2164 praeterea
1019 2096 1182 2145 lineae
1212 2104 1328 2143 sunt
1355 2096 1408 2143 in
1436 2099 1673 2144 columna
1697 2098 1773 2147 V}
1796 2135 1806 2155 ,
1833 2101 1920 2145 lin.

282 2205 302 2236 1
326 2215 348 2224 -
378 2204 429 2235 11
458 2206 470 2247 3
508 2188 602 2233 col.
626 2184 731 2236 VII
753 2221 766 2244 ,
810 2183 897 2231 lin.
937 2182 963 2229 5
984 2211 1002 2217 —
1033 2196 1126 2245 19;
1171 2182 1266 2227 001.
1304 2180 1375 2226 IX
1398 2217 1409 2239 ,
1444 2181 1531 2227 lin.
1569 2180 1774 2239 30-34;
1825 2185 1921 2229 eol.

275 2272 404 2323 XIV
428 2309 440 2332 ,
469 2270 556 2318 lin.
589 2270 685 2333 I-7
711 2287 724 2329 3
755 2270 850 2315 col.
880 2266 1032 2317 XVII
1057 2303 1069 2326 ,
1106 2266 1194 2313 lin.
1229 2263 1299 2312 6-
1320 2280 1380 2311 20
1405 2283 1418 2325 3
1457 2267 1552 2311 001.
1580 2265 1703 2326 ΧΧ,
1735 2267 1823 2314 1111.
1859 2285 1924 2313 2-

277 2377 304 2423 7
332 2377 344 2417 3
381 2357 476 2404 col.
501 2354 702 2413 XXIX,
736 2353 822 2400 lin.
854 2351 987 2411 5—8,
1019 2351 1106 2399 lin.
1146 2367 1202 2396 10
1223 2342 1332 2395 -15.

344 2442 586 2489 Pulchrae
611 2447 727 2486 sunt
755 2447 804 2486 et
838 2423 1058 2500 integrae
1086 2457 1096 2483 :
1132 2434 1186 2483 in
1216 2435 1311 2480 001.
1338 2433 1392 2493 Ι,
1424 2432 1586 2482 lineae
1619 2453 1677 2496 7-
1701 2452 1717 2481 1
1735 2452 1752 2481 1
1778 2455 1790 2495 3
1820 2439 1915 2484 001.

274 2522 356 2585 ΙΙ,
388 2525 475 2573 lin.
513 2525 682 2582 5-11;
720 2525 814 2570 col.
851 2522 952 2581 ΙΙΙ,
981 2521 1068 2568 1111.
1096 2519 1238 2584 3-93
1277 2520 1372 2566 col.
1402 2518 1583 2578 XXII,
1619 2519 1706 2566 lin.
1746 2537 1913 2579 1-22;

276 2612 370 2656 col.
409 2609 587 2655 XXIII
615 2645 627 2667 ,
663 2608 751 2655 lin.
796 2607 850 2653 13
877 2636 895 2642 -
918 2623 977 2653 20
1007 2625 1020 2666 ;
1067 2606 1163 2653 col.
1196 2603 1373 2655 XXIV
1396 2640 1408 2664 ‚
1448 2603 1536 2651 lin.
1583 2622 1602 2651 1
1631 2631 1653 2640 -
1683 2621 1740 2650 22
1766 2623 1779 2664 ;
1819 2608 1915 2653 001.

275 2692 499 2752 XXXV,
533 2694 620 2740 lin.
664 2709 717 2739 12
740 2722 755 2727 -
778 2708 852 2738 22.

1808 2794 1919 2807 -

334 2873 346 2894 1
383 2862 578 2896 Omnium
608 2863 778 2908 pessime
812 2862 1002 2899 columna
1032 2865 1173 2901 XXXI.
