1976 3298
454 203 657 234 PROPE
707 204 1022 235 PETILIAM
1076 201 1416 235 REPERTAE.
1689 188 1751 247 43

114 288 274 346 linea,
307 286 488 335 exilem
514 296 726 334 ostentat
749 287 941 334 hiatum
979 310 988 334 :
1025 288 1074 334 id
1107 289 1244 352 quod
1275 306 1381 335 non
1408 287 1575 335 dedita
1602 304 1750 351 opera

111 373 324 435 factum,
360 372 447 418 sed
476 371 640 433 potius
672 371 967 418 ferramento
1005 372 1206 419 artificis
1229 409 1240 431 ,
1280 374 1341 419 ad
1371 371 1745 435 proportionem

110 454 382 502 litterarum
415 453 623 501 minime
657 467 966 517 comparato,
1004 455 1201 502 videtur
1232 456 1570 503 tribuendum.
1596 464 1609 486 1

178 546 470 590 EIKAINIAI.
498 547 740 596 Σικαινιος,
771 537 873 584 sive
898 538 1151 601 proprium
1171 575 1182 596 ‚
1207 539 1311 586 sive
1342 539 1581 587 ethnicon
1606 556 1749 586 voca-

112 621 318 679 bulum,
353 637 602 683 nusquam
630 620 820 668 visitur.
847 632 863 652 2
902 621 1104 683 Legesis
1132 632 1408 673 EIKANIAI.
1445 621 1581 680 Iota,
1609 623 1748 688 quod

107 704 169 751 ad
199 705 424 752 dextrum
451 706 576 750 latus
605 705 840 752 elementi
872 704 917 750 N
950 715 1051 752 erat
1071 704 1374 763 feriendum,
1402 706 1743 768 quadratarius

108 788 335 850 praecoci
369 789 534 835 studio
563 790 623 834 ad
652 791 851 836 laevum
881 787 1181 851 praefixerat.
1219 790 1267 834 Is
1300 801 1498 851 postea,
1532 788 1749 835 animad-

105 886 248 917 verso
283 888 471 930 errore,
509 872 628 936 quia
663 873 800 935 quod
836 871 1019 918 sactum
1055 871 1162 919 fieri
1200 872 1445 935 nequibat
1478 871 1750 931 infectum,

103 951 239 1012 Iota,
263 956 400 1019 quod
423 957 536 1011 loco
558 973 649 1001 suo
672 955 930 1014 omiserat,
951 955 1125 1003 litteris
1146 953 1249 1021 jam
1277 954 1520 1017 percussis
1539 955 1750 1002 inseruit

102 1038 308 1100 quidem
338 1075 349 1096 ‚
397 1040 483 1085 sed
530 1038 836 1087 inconcinne
855 1075 866 1097 ‚
915 1056 1081 1103 neque
1132 1039 1395 1086 observata
1435 1035 1558 1103 justi
1605 1037 1749 1101 spatii

99 1122 420 1185 proportione
435 1159 446 1181 ‚
471 1131 527 1169 ut
552 1125 802 1186 exemplar
823 1123 1074 1188 archetypi
1095 1122 1342 1170 curiosius
1363 1122 1581 1170 intuenti
1602 1130 1746 1185 patet.

174 1215 295 1257 TAN
319 1216 576 1261 FOIKIAN.
606 1205 962 1253 Domicilium.
997 1206 1134 1253 Huic
1149 1224 1327 1269 graeco
1349 1207 1599 1254 vocabulo
1618 1223 1752 1269 prae-

105 1287 273 1350 figitur
291 1289 557 1350 Digai‘nma
576 1290 857 1338 Aeolicum.
894 1290 1173 1355 Dionysius
1202 1290 1457 1336 Halicarn.
1486 1291 1532 1347 I,
1560 1308 1665 1353 pag.
1690 1287 1747 1336 16

102 1371 232 1419 inter
251 1389 447 1434 graecas
465 1391 610 1422 voces
631 1393 657 1420 a
672 1374 872 1421 Graecis
886 1373 1221 1421 Aeolensibus
1239 1382 1509 1432 mutuatas,
1526 1380 1751 1421 recenset

99 1468 284 1516 Ἑοικος,
325 1458 461 1504 unde
502 1466 655 1509 Ροικιοι
697 1457 846 1504 huius
891 1457 1180 1520 epigraphes
1207 1495 1218 1515 ‚
1260 1475 1387 1521 quae
1431 1456 1535 1520 pari
1571 1456 1745 1519 spiritu

106 1539 367 1586 animatur.
413 1540 492 1587 De
525 1541 709 1588 Italicis
740 1541 938 1588 dialecti
971 1541 1209 1590 Aeolicae
1248 1540 1571 1589 incunabulis
1602 1542 1746 1604 plura

101 1623 312 1671 disserui
342 1622 379 1689 §.
410 1625 509 1684 IV,
544 1643 649 1688 pag.
680 1625 742 1672 83
774 1643 909 1690 seqq.

156 1807 168 1828 1
203 1793 381 1829 Litterae
414 1793 455 1828 in
488 1793 694 1829 metallica
723 1794 863 1830 tabula
882 1820 892 1837 ,
927 1794 994 1829 vel
1020 1792 1236 1829 mordente
1264 1792 1441 1829 viriculo
1459 1819 1469 1837 ‚
1495 1792 1563 1828 vel
1585 1793 1745 1841 scalpro

95 1861 293 1907 feriente,
312 1868 546 1900 exarantur.
585 1863 775 1911 Suspicor
796 1868 954 1908 autem,
976 1863 1179 1911 scalprum
1207 1862 1251 1897 in
1278 1874 1405 1898 aenea
1433 1862 1597 1898 lamella
1623 1861 1746 1898 fuisse

95 1931 339 1967 adhibitum.
381 1931 447 1968 Ad
480 1932 556 1968 hoe
584 1944 682 1980 opus
714 1933 756 1967 in
788 1937 948 1981 promtu
980 1945 1064 1968 esse
1097 1931 1252 1969 dehent
1284 1932 1442 1979 scalpra
1471 1936 1555 1967 tum
1583 1936 1744 1973 rectae5

97 2006 183 2037 tum
212 2013 360 2037 curvae
395 2002 522 2045 aciei,
551 2014 622 2049 pro
652 2001 825 2038 diversis
853 2002 1012 2038 scilicet
1041 2002 1279 2038 litterarum
1318 2001 1453 2038 lineis.
1498 2002 1605 2037 Pone
1637 2013 1747 2037 nunc

95 2071 318 2115 artificem,
343 2071 385 2107 in
412 2071 604 2120 lingendo
630 2072 834 2108 elemento
859 2074 892 2108 D
909 2099 919 2117 ‚
951 2072 1128 2120 primum
1154 2070 1382 2107 admovisse
1409 2071 1610 2119 scalprum
1638 2071 1744 2107 aciei

95 2145 231 2176 rectae
258 2152 330 2188 pro
360 2145 470 2176 recta
497 2141 607 2177 linea
633 2158 640 2183 3
671 2153 767 2176 mox
795 2141 845 2177 ad
872 2140 1135 2190 effigiandum
1165 2141 1470 2178 semicirculum
1496 2139 1742 2189 applicuisse

95 2209 279 2256 utrisque
299 2211 627 2246 extremitatibus
653 2211 787 2247 lineae
816 2216 949 2247 rectae
972 2212 1053 2255 jam
1079 2223 1291 2259 percussae
1321 2210 1524 2258 scalprum
1552 2222 1743 2254 curvum,

96 2277 166 2314 sed
194 2279 416 2323 brevioris,
444 2291 567 2327 quam
596 2291 690 2315 usus
722 2282 936 2327 poscebat,
964 2280 1351 2316 circumferentiae:
1383 2286 1481 2315 tunc
1509 2280 1738 2315 necessario

94 2353 278 2384 secutum
300 2354 358 2384 est
375 2374 384 2392 ‚
422 2354 491 2393 ut,
515 2349 637 2384 sulcis
667 2361 740 2395 pro
762 2349 923 2385 minore
943 2349 1092 2396 scalpri
1120 2350 1234 2385 curvi
1257 2346 1433 2384 modulo)
1454 2347 1562 2384 haud
1589 2360 1738 2384 coeun-

96 2417 229 2462 tibus,
264 2418 543 2454 semicirculus
575 2418 751 2455 hisceret
787 2419 829 2453 in
860 2417 1009 2454 medio.
1065 2419 1137 2454 Cui
1168 2417 1351 2455 defectui
1387 2418 1552 2453 obviam
1584 2418 1736 2453 artifex

94 2486 256 2532 ivisset,
277 2487 309 2522 si
329 2488 396 2524 vel
424 2493 558 2524 rectae
584 2488 719 2524 lineae
748 2487 1021 2527 imminuisset
1044 2487 1371 2538 longitudinem,
1392 2488 1460 2524 vel
1481 2487 1515 2522 si
1535 2487 1738 2536 scalprum

94 2567 263 2593 curvum
296 2558 462 2603 majoris
492 2556 747 2594 adhibuisset
773 2558 983 2606 segmenti.

148 2637 166 2659 2
199 2626 255 2662 Cl.
280 2627 446 2671 Lanzi0‚
469 2627 512 2663 in
537 2628 679 2677 Sa-ggio
700 2627 737 2661 di
760 2628 915 2677 Lingua
943 2627 1132 2670 Etrusca,
1158 2628 1199 2661 T.
1223 2628 1263 2671 Ι,
1299 2639 1336 2674 p.
1373 2629 1443 2663 108
1473 2643 1479 2659 ε
1509 2628 1654 2668 Exco-m
1679 2631 1739 2662 est

92 2697 250 2737 Σαοντις
272 2696 358 2732 sive
385 2699 521 2738 Σωντις
538 2721 549 2740 ,
579 2698 674 2732 urbs
703 2697 906 2733 Lucaniae
934 2693 948 2744 (
972 2696 1082 2733 unde
1104 2697 1255 2731 Sontini
1279 2694 1387 2744 apud
1410 2695 1601 2741 Plin.11[,
1634 2696 1674 2732 15
1696 2693 1734 2741 )‚

90 2777 200 2800 nunc
225 2767 368 2810 Sanza,
393 2779 496 2815 quae
517 2765 645 2803 donat
670 2767 899 2807 Sicaeniam
924 2765 1143 2815 quemdam
1168 2766 1258 2812 jure
1284 2764 1466 2813 hospitii.
1507 2764 1585 2802 Sed
1613 2764 1740 2814 magiS

90 2834 195 2869 :mihi
225 2834 389 2874 adridet
417 2836 638 2885 explicatio
665 2837 712 2873 cl.
740 2837 943 2886 Ignarrae.
989 2838 1043 2872 M„
