1976 3298
666 208 748 237 DE
797 206 1078 240 MUSICA.
1634 194 1693 240 23

57 296 367 346 Dicebantur
395 301 562 342 autem
588 292 769 340 musici
803 289 1046 360 τεςετιζειν
1063 331 1076 354 ,
1105 310 1220 340 cum
1248 290 1483 341 eumdem
1509 309 1694 342 sonum

0 441 1 445 Ἰ
54 380 238 448 pluries
278 380 538 435 iterarent,
580 377 684 426 sive
724 394 840 423 cum
882 393 966 424 ore
1007 367 1240 425 canerent
1280 377 1461 441 (quod
1498 378 1695 439 proprie

0 469 2 493 ³
55 478 272 532 μελισμον
307 463 624 527 adpellabant
645 460 694 522 ),
736 460 839 508 sive
870 477 987 507 cum
1022 478 1204 522 organa
1232 463 1487 524 pulsarent
1518 460 1698 524 (quod

55 570 303 613 κομπισμον
334 545 655 607 vocabant),
690 545 757 591 ita
787 543 923 591 enim
959 564 1223 604 τεττιγοες,
1257 543 1481 602 cicadas,
1513 544 1698 592 imitari

51 632 362 681 videbantur.
413 631 473 675 Id
502 629 682 676 diserte
717 630 864 675 docet
882 626 1101 676 Illanuel
1127 625 1420 692 Btjyennius
1439 665 1451 687 ,
1487 629 1571 692 qui
1606 646 1696 675 sua

60 716 229 764 omnia
256 733 316 763 ex
348 713 566 777 antiquis
597 711 995 769 consarcinavit,
1029 711 1118 757 lib.
1157 710 1235 756 III
1255 747 1266 769 ,
1301 718 1416 758 sect.
1451 724 1494 767 4.
1552 711 1701 759 Hane

53 809 221 847 autem
254 808 491 845 tonorum
529 797 845 844 iterationem
882 795 1184 858 cicadaeque
1217 794 1551 842 imitationem
1578 812 1698 841 con-

57 893 228 947 ruptae
273 891 322 930 et
365 880 672 929 lascivientis
717 879 937 925 musicae
987 878 1112 926 vitio
1156 878 1416 926 vertebant
1466 878 1704 942 antiquae

57 966 388 1030 simplicitatis
427 974 670 1011 amatores
697 1000 709 1022 ,
749 972 922 1026 utpote
962 979 1090 1026 quae
1134 963 1194 1008 ad
1229 961 1426 1008 aurium
1456 962 1704 1025 pruritum

57 1051 208 1098 unice
238 1049 512 1097 inserviret.
564 1050 740 1112 Itaque
773 1047 892 1095 licet
920 1068 1186 1114 τεςετισμος
1212 1046 1410 1110 proprie
1437 1046 1500 1093 sit
1529 1056 1705 1093 cantus

60 1133 249 1197 species
276 1134 366 1195 (ut
393 1133 562 1181 videre
592 1141 666 1180 est
695 1131 846 1180 etiam
880 1132 1011 1195 apud
1028 1129 1317 1190 Pollucem,
1347 1131 1433 1178 lib.
1461 1131 1564 1189 IV,
1601 1149 1705 1195 cap.

68 1215 127 1265 16
150 1254 161 1277 ,
191 1217 264 1264 tit.
296 1231 327 1275 4
349 1217 369 1277 )
392 1254 402 1275 ,
439 1216 777 1279 accipiebatur
802 1224 971 1278 tamen
995 1233 1084 1279 pro
1116 1215 1287 1280 inepto
1320 1224 1368 1262 et
1396 1215 1708 1262 inconcinno

61 1301 294 1365 strepitu,
335 1318 395 1348 eo
436 1317 636 1363 prorsus
675 1302 828 1347 modo
857 1337 868 1359 ,
898 1317 1000 1363 quo
1041 1317 1134 1346 nos
1177 1299 1292 1346 Itali
1325 1298 1540 1346 dicimus
1575 1298 1710 1346 cica-

63 1385 234 1432 Ieccio.
292 1384 459 1446 Atque
497 1385 620 1431 haec
660 1383 766 1446 ipsa
806 1392 879 1430 est
917 1381 1206 1429 Philodemi
1234 1400 1410 1442 menS,
1452 1401 1569 1430 cum
1609 1383 1711 1442 ait,

64 1487 157 1516 suo
212 1467 499 1532 pracsertim
545 1476 769 1530 tempore
816 1467 1097 1526 musicam,
1142 1484 1270 1531 quae
1313 1485 1341 1513 a
1392 1466 1711 1515 mercenariis

61 1553 386 1609 hominibus,
429 1560 477 1600 et
517 1551 592 1598 nil
624 1551 723 1598 nisi
763 1551 1048 1598 cicadarum
1091 1569 1230 1599 more
1277 1560 1490 1615 strepere
1528 1554 1714 1598 callen-

60 1639 221 1697 tibus,
255 1645 567 1685 exerceretur
589 1673 601 1695 ,
630 1636 861 1683 Deorum
892 1635 1076 1682 honori
1098 1653 1427 1701 nequaquam
1456 1652 1603 1700 posse
1634 1634 1712 1682 in-

68 1721 267 1769 servire.

133 1806 229 1868 (V.
256 1820 329 1868 29.
347 1804 526 1868 ‘rip-nv.)
554 1804 716 1853 Cerne
736 1804 790 1851 in
815 1805 1122 1868 autographo
1145 1803 1384 1868 scriptum
1408 1827 1590 1868 φειμην,
1616 1823 1710 1855 nec

67 1914 88 1941 ε
119 1898 308 1954 puncto
343 1888 600 1935 confixum
633 1890 880 1952 adparere.

137 1974 230 2035 (V.
257 1973 333 2035 37-
389 1973 741 2036 πολυμνηςων.)
777 1974 852 2019 Ita
883 1970 1228 2035 refingendam
1266 1973 1501 2020 duximus
1540 1991 1720 2022 vocem

71 2058 186 2106 satis
216 2059 346 2104 male
374 2057 610 2103 habitam.
666 2057 1030 2105 Persuademur
1059 2057 1194 2105 enim
1215 2094 1227 2117 ⁷
1259 2057 1373 2105 heic
1398 2059 1527 2105 velle
1552 2056 1721 2104 Philo-

73 2144 300 2201 demum,
328 2141 572 2188 musicam
591 2158 655 2188 ne
690 2141 985 2204 spectaculis
1019 2141 1227 2205 quidem
1261 2141 1415 2189 fuisse
1437 2142 1721 2190 necessario

73 2228 341 2283 adnexam,
370 2225 787 2288 quandoquidem
810 2225 863 2272 in
886 2243 1063 2273 eorum
1084 2225 1422 2273 celeberrimis
1446 2226 1723 2290 antiquitus

0 2350 3 2355 .
72 2310 255 2358 musici
285 2312 456 2355 locum
481 2327 587 2355 non
608 2309 877 2368 haberent,
915 2312 1002 2357 sed
1024 2328 1173 2356 cursu
1199 2318 1395 2357 tantum
1426 2319 1721 2368 certaretur3

75 2413 228 2461 quare
258 2411 375 2440 mox
405 2396 588 2461 θεωςειν
614 2392 807 2439 dictum
832 2394 999 2457 potius
1039 2412 1065 2440 a
1098 2397 1196 2447 θειν
1225 2412 1465 2454 currere,
1505 2413 1656 2460 quam
1691 2412 1719 2441 a

0 2601 9 2609 ,
77 2568 171 2612 post
195 2560 495 2620 τεξετιζομενα,
524 2576 620 2599 mox
644 2569 735 2612 post
760 2577 1056 2621 περι-γινομένω.
1094 2565 1260 2602 Etenim
1283 2566 1351 2603 vel
1372 2565 1459 2613 ipse
1485 2565 1723 2614 scriptitans

3 2669 8 2682 ,
74 2634 296 2679 librarius,
329 2634 397 2671 vel
428 2633 499 2683 qui
528 2633 755 2670 dormitans
780 2635 1035 2682 scriptitanti
1061 2634 1264 2679 dictaret,
1303 2635 1373 2672 sed
1400 2635 1505 2671 alius
1535 2641 1644 2672 certe
1670 2637 1722 2671 ab

81 2708 272 2749 auctore,
299 2709 539 2741 recurrente
571 2705 700 2740 simili
735 2706 848 2742 vocis
887 2704 1122 2743 desinentia
1153 2719 1300 2755 ομενει,
1340 2703 1563 2753 eademque
1599 2705 1726 2753 parti-

81 2774 173 2810 cula
213 2786 278 2809 nou
311 2774 546 2824 insequenti
583 2773 803 2822 deceptus,
848 2776 998 2811 iterum
1038 2776 1217 2825 primum
1253 2788 1398 2825 κομμοι
1429 2787 1504 2824 pro
1544 2773 1724 2811 secundo

90 2843 273 2891 accepit,
296 2843 486 2892 idemque
513 2845 733 2893 rescripsit.
773 2846 973 2892 Rosinius,
994 2858 1081 2896 pag.
1107 2849 1190 2883 113.
