1976 3298
543 194 1266 231 HERCULANENmssus.
1696 187 1727 233 3

97 302 246 338 voces
267 301 410 349 saepe
433 284 733 334 sententiam
753 285 947 331 nullam
971 286 1252 349 praebeant.
1291 284 1489 332 Horum
1517 285 1731 334 volumi-

89 389 236 429 num,
269 387 486 433 quorum
514 370 714 416 nullum
741 377 814 416 est
840 377 1174 436 οπιςογςοιφον,
1205 385 1415 434 papyrus
1446 369 1730 433 aegyptiaca.

91 452 383 517 (variarum
411 452 717 517 philyrarum
752 451 1214 514 adglutinatarum)
1257 453 1452 502 interne
1492 453 1734 518 scriptura.

90 538 275 601 gaudet
295 536 348 583 in
372 536 601 599 pluribus
629 535 879 583 columnis
896 535 1059 599 parvis
1077 572 1089 595 ,
1115 544 1172 583 ut
1197 554 1223 584 e
1247 537 1347 584 tab.
1371 538 1394 583 I
1416 547 1464 586 et
1491 539 1543 584 II
1568 546 1702 603 patet
1720 576 1734 598 ‚

89 620 240 669 binos
280 619 474 668 circiter
511 620 692 683 digitos
725 620 866 679 latis,
901 619 1149 668 linearum
1192 634 1256 678 40
1293 623 1375 668 vel
1414 637 1476 679 44
1499 659 1510 681 ,
1550 623 1735 687 exiguo

89 704 364 752 admodum
402 704 559 768 spatio
587 704 716 752 inter
750 706 1009 751 columnas
1038 702 1239 770 injecto.
1290 704 1493 752 Horum
1515 707 1735 755 volumi·-

87 805 215 838 num
238 790 489 836 nonnulla
511 772 991 837 involucro—'chartae
1009 788 1259 836 crassioris
1278 788 1381 836 sive
1402 790 1736 853 emporeticae

84 870 323 935 inplicata
357 856 758 935 reperiebantur,
799 888 927 937 quae
969 872 1158 937 absque
1199 872 1357 920 dubio
1396 873 1534 921 suere
1572 881 1735 936 partes

87 955 252 1018 operis
291 956 528 1020 completi
546 993 558 1016 ,
591 974 636 1005 v.
662 975 708 1019 g.
732 955 1019 1003 Plzilodemi
1047 945 1193 1004 Libri
1217 958 1278 1004 de
1300 957 1492 1004 musica
1504 976 1526 1014 ;
1552 956 1732 1019 Ejusd-

85 1040 445 1088 commentaria
470 1041 531 1089 de
560 1041 733 1089 eadem
756 1058 769 1100 3
807 1040 1164 1090 commentaria
1193 1042 1254 1090 de
1281 1041 1550 1090 Rhetorica
1567 1079 1579 1101 ,
1605 1048 1732 1100 etc.;

83 1122 306 1186 Epicuri
340 1125 402 1172 de
437 1141 603 1172 rerum
646 1134 821 1173 natura
859 1125 1004 1174 Libri
1040 1126 1291 1176 XXXVII
1330 1147 1341 1173 ε
1386 1143 1515 1191 quae
1564 1125 1736 1173 omnia

84 1208 320 1272 collapsis
357 1208 552 1256 scriniis
582 1207 636 1255 in
665 1209 907 1256 carbones
945 1208 1155 1256 redactis
1190 1206 1546 1255 dlla-bebahtur
1573 1207 1736 1255 humi-

86 1310 185 1356 que
213 1302 359 1340 strata
381 1303 430 1341 et
450 1293 658 1341 confusa
667 1290 914 1358 jacebant.
950 1293 976 1340 J
983 1311 1062 1340 am
1085 1293 1146 1339 ab
1167 1310 1301 1341 anno
1334 1292 1458 1357 1773
1485 1301 1732 1356 praestan—

83 1377 391 1423 tissimorum
417 1377 666 1435 virorum,
688 1376 903 1439 Neapoli
932 1376 1224 1439 degentium
1241 1413 1253 1435 ‚
1283 1375 1553 1423 amicitiam
1580 1386 1733 1440 atque

82 1459 485 1509 munificentiam
503 1470 730 1524 expertus
757 1477 868 1507 sum
884 1496 896 1519 ,
932 1478 1060 1524 quos
1094 1461 1155 1508 de
1179 1459 1329 1508 variis
1358 1460 1509 1508 rebus
1534 1459 1738 1508 Hercu-x

83 1544 402 1605 lanensibus,
427 1545 483 1593 in
499 1545 670 1609 primis
700 1546 761 1592 de
784 1544 1135 1594 voluminibus
1157 1544 1345 1607 graecis
1360 1581 1375 1605 ,
1398 1544 1732 1608 interrogave-

66 1647 202 1693 vram.
229 1629 375 1678 Tales
392 1638 509 1677 sunt
523 1629 786 1693 praecipue
804 1628 1081 1676 doctissimi
1093 1628 1205 1689 viri,
1218 1626 1467 1676 Camillus
1479 1627 1731 1690 Paderni,

83 1713 314 1762 Jacohus
353 1713 655 1760 Marlorelli
693 1714 814 1776 (ob.
852 1713 1041 1777 1777),
1091 1713 1211 1761 Dux
1246 1711 1478 1760 Michael
1520 1712 1731 1784 Vargas

83 1798 388 1846 Macciacca
416 1799 436 1862 (
470 1799 551 1846 ob.
596 1797 799 1862 1792),
849 1796 1110 1844 Antonias
1159 1795 1405 1857 Git'rller‚
1449 1797 1739 1861 Episcopus

84 1883 360 1948 Tyanensis
392 1882 717 1947 Reginaeque
757 1900 785 1928 a
822 1881 1226 1929 confessionibus
1254 1888 1270 1941 (
1296 1883 1506 1929 denatus
1540 1881 1732 1929 Romae

88 1967 261 2031 1791),
293 1966 340 2014 F
342 1967 609 2014 ranciscas
635 1965 881 2026 Daniele,
918 1974 1065 2031 atque
1098 1963 1373 2013 Caietanus
1401 1965 1460 2010 de
1486 1966 1728 2023 Ancora,

82 2049 225 2117 cujus
255 2052 309 2099 in
335 2051 507 2116 primis
534 2050 755 2099 amicitia
776 2050 904 2099 mihi
931 2049 987 2100 in
1013 2050 1209 2099 deliciis
1239 2058 1326 2100 est.
1372 2050 1578 2116 Semper
1600 2048 1729 2097 mihi.
1788 2068 1792 2075 ·

83 2135 377 2185 adridebant

261 2261 492 2305 Fontibus
531 2269 575 2304 et
606 2263 782 2306 Stabiae
815 2265 1036 2317 celebres,
1070 2268 1115 2304 et
1152 2260 1322 2305 Vesvia
1350 2278 1468 2304 rura
1487 2294 1503 2317 ,

258 2344 492 2396 Doctaque
527 2344 811 2396 Parthenope
841 2340 1046 2384 Sebetide
1076 2340 1267 2383 roscida
1299 2341 1516 2400 lympha,

262 2419 395 2472 Quae
427 2418 579 2461 dulcis·
609 2421 827 2475 Pompeia
851 2422 994 2476 palus
1025 2418 1186 2461 vicina
1219 2417 1391 2461 salinis

256 2500 521 2542 Herculeis.
534 2529 545 2540 .
559 2529 571 2541 .
586 2530 597 2541 .
615 2530 629 2541 .

582 2582 932 2620 COLUMELLA
952 2610 964 2633 ,
998 2579 1052 2619 de
1084 2580 1213 2619 cultu
1244 2577 1509 2619 hortorum.

144 2700 368 2749 Primum
403 2702 673 2762 volumen,
710 2702 850 2767 quod
879 2719 908 2750 a
931 2699 1157 2773 Piaggio
1186 2717 1322 2748 anno
1358 2697 1486 2763 1754
1514 2698 1716 2746 evolve-

75 2784 247 2847 batur,
279 2794 353 2836 est
384 2794 617 2852 quartum
646 2785 935 2835 Philodemi
964 2808 1064 2855 περι
1093 2806 1329 2850 μουσικῆς,
1364 2797 1428 2841 40
1455 2784 1721 2831 columna-
