1976 3298
507 121 668 190 DE
753 120 1291 192 PAPYRIS

193 317 370 376 SEU
434 315 1152 376 VOLUMINIBUS
1224 315 1603 376 GRAECIS

357 487 1402 537 -HERCULANENSIBUS.

70 689 157 770 ΙΝ
204 739 378 770 museo
419 723 522 773 sive
556 722 867 771 bibliotheca
904 722 1055 772 villae
1094 721 1517 783 Herculanensis,
1559 725 1618 772 A.
1654 725 1710 773 C.

0 824 1 831 ¹
72 823 134 872 79
158 806 368 856 Vesuvii
396 806 649 854 cineribus
683 808 915 865 obrutae,
953 816 1065 854 ante
1102 807 1466 871 quinquaginta
1499 808 1599 856 sere
1631 827 1712 857 an-

68 907 161 938 nos
197 890 259 952 (3
283 889 528 938 Novemb.
566 889 754 954 1753),
790 899 981 953 reperta
1021 899 1138 937 sunt
1166 893 1295 938 ultra
1329 891 1530 939 MDCC
1569 896 1712 941 volu-

65 976 203 1020 mina
237 989 505 1038 papyracea
542 983 575 1033 1,
612 975 694 1022 vel
728 975 899 1037 paullo
935 977 1063 1021 ultra
1095 992 1210 1022 eum
1246 978 1541 1023 numeru1n.'
1575 976 1712 1026 Non-

64 1060 207 1121 nulla
234 1056 287 1104 in
305 1058 487 1117 frusta,
520 1057 866 1106 effodientium
899 1076 1159 1122 operarum
1182 1058 1490 1122 malignitate
1522 1070 1570 1109 et
1593 1080 1712 1111 con-

63 1142 300 1200 tumelia,
341 1140 590 1189 conscissa
634 1142 785 1190 fuere.
849 1142 1037 1190 Omnia
1078 1142 1311 1207 imposita
1347 1153 1486 1193 erant
1521 1146 1708 1193 scrinio

62 1224 231 1287 ligneo
256 1226 418 1289 (quod
443 1226 497 1273 in
523 1226 688 1273 media
714 1244 907 1274 camera
932 1226 1110 1289 suerat)
1131 1264 1142 1286 ,
1172 1228 1226 1275 in
1256 1227 1475 1277 cinerem
1503 1231 1706 1278 redacto

61 1316 110 1356 et
137 1310 230 1355 sub
257 1309 490 1356 manibus
521 1326 780 1372 operarum
815 1312 1050 1374 collapso.
1072 1321 1090 1342 2
1125 1311 1407 1367 Volumina
1431 1313 1706 1378 cylindrica

57 1392 141 1440 vix
181 1392 477 1455 spithamam
512 1393 826 1455 longitudine
872 1396 1154 1453 excedunt,
1202 1395 1443 1443 diametro
1484 1399 1705 1447 duorum

57 1476 272 1524 triumve
320 1477 604 1539 digitorum.
679 1477 815 1525 Inter
857 1478 1005 1537 haec,
1057 1477 1456 1526 artificiosissimi
1485 1480 1705 1528 Antonii

55 1559 278 1630 Piaggio
305 1577 477 1624 opera,
508 1560 596 1625 qui
623 1560 790 1608 Caroli
816 1561 920 1619 ΙΙΙ,
954 1561 1102 1623 Regis
1120 1561 1509 1625 Hispaniarum,
1533 1565 1702 1612 muni-

54 1643 256 1692 ficentia
304 1645 464 1692 Roma
509 1647 569 1692 ad
617 1644 710 1692 ista
756 1645 1019 1693 volumina
1065 1648 1344 1695 evolvenda
1394 1647 1414 1711 (
1456 1650 1700 1697 suadente

54 1727 244 1775 Evodio
269 1729 582 1791 Assemcmo)
614 1729 799 1776 accitus
830 1738 929 1789 est,
964 1739 1179 1793 quatuor
1207 1733 1289 1779 vel
1318 1731 1545 1796 quinque
1577 1750 1698 1783 evo-

50 1813 158 1859 luta
183 1823 326 1873 sunt,
359 1813 624 1880 adjuvante
649 1823 819 1877 postea
843 1813 1108 1860 Vincentio
1137 1814 1312 1860 Merli.

118 1898 314 1960 Integra
339 1897 625 1957 volumina,
654 1898 958 1944 circumcisis
995 1898 1415 1959 extremitatibus,
1444 1901 1693 1950 membra-

48 1984 223 2045 nulam
244 2018 255 2039 ,
292 1981 439 2028 titulo
473 1981 590 2028 libri
623 1981 941 2045 perscriptam
979 1982 1229 2041 habuere,
1267 1983 1335 2031 ita
1369 1984 1576 2048 quidem
1596 2022 1608 2046 ,
1635 1995 1694 2034 ut:

50 2082 108 2112 ea
144 2065 295 2112 fronti
328 2065 680 2125 voluminum,
713 2083 813 2130 qua
849 2066 1142 2115 circumcisa
1174 2075 1313 2114 erant
1354 2076 1403 2115 et
1426 2087 1527 2133 qua
1555 2077 1693 2131 extra

49 2149 411 2198 bibliothecam
454 2149 733 2197 eminerent
756 2187 768 2209 ,
813 2149 974 2197 adfixa
1013 2151 1268 2214 adpareret
1308 2159 1357 2199 et
1396 2143 1692 2215 conspectui

103 2334 116 2356 1
151 2319 240 2355 Rex
260 2319 472 2367 utriusque
501 2319 688 2364 Siciliae,
715 2331 852 2356 mense
877 2319 1107 2367 Septembri
1129 2323 1247 2365 1802,
1273 2332 1344 2356 sex
1371 2321 1543 2357 istorum
1571 2317 1687 2358 volu-

41 2391 222 2433 minum,
249 2402 340 2426 cum
368 2389 459 2424 aliis
485 2389 764 2425 monumentis
782 2388 1180 2435 Herculanensibus,
1208 2390 1479 2438 Reipublicae
1504 2391 1684 2428 Gallicae

43 2459 169 2496 Heroi
190 2485 200 2503 ,
241 2459 566 2495 Proto-Consuli
592 2459 837 2496 BONAPARTE
871 2456 979 2494 dono
1014 2459 1138 2495 misit.
1526 2452 1529 2455 ¹

97 2540 115 2561 2
135 2529 238 2564 Huic
253 2529 406 2564 scrinio
423 2528 637 2576 impositae
651 2528 765 2565 fuere
782 2528 975 2577 imagines
994 2541 1145 2566 aeneae
1161 2529 1451 2567 Demosthenis
1464 2556 1473 2574 ,
1489 2530 1679 2578 Epicuri,

42 2599 286 2635 Hermarchi
312 2604 352 2635 et
367 2599 541 2635 Zenonis
568 2598 731 2636 Sidonii
755 2595 769 2646 (
786 2597 989 2634 Antichitcz
1015 2599 1053 2634 di
1072 2600 1268 2637 Ere-clano
1285 2627 1294 2645 ,
1309 2601 1405 2635 Tab.
1424 2600 1462 2634 V
1476 2626 1486 2645 ,
1508 2599 1604 2635 Tab.
1627 2600 1683 2637 XI

41 2679 123 2715 seq.
152 2681 235 2717 pag.
269 2669 286 2705 5
318 2674 359 2705 et
394 2681 475 2716 seq.
509 2668 606 2705 edit.
635 2681 749 2706 meae
780 2665 929 2719 germ.)
955 2670 1332 2712 ΔΗΜΟΕΘΙΞΝΗΟ,
1366 2670 1678 2716 ΙΞΠΙΚΟΥΡΟΟ,

38 2739 301 2777 EPMAPXOC
312 2762 324 2784 ,
350 2740 537 2777 ΖΙΗΝωΝ
566 2735 649 2787 (sic
662 2735 689 2787 ).
